1759 2975
353 145 1533 233 HISTORIARUM

662 300 1211 354 LIBRIPRIMI

497 414 1388 475 BREVIARIUM.

354 541 569 603 orditur.
587 557 636 596 et
650 560 770 614 quae
788 543 838 595 in
850 537 1158 595 historiarum
1180 553 1288 593 toto
1307 556 1450 610 qpere
1466 540 1536 591 di-

430 623 607 681 cenda,
650 622 852 687 carptim
889 619 1118 687 proponit
1139 637 1152 669 ε
1198 619 1372 669 statum
1415 618 1536 670 item

431 711 550 750 tunc
566 699 634 748 rei
652 702 897 749 Romanae
914 715 929 747 ε
953 694 1135 747 Galbae
1151 696 1415 763 ingenium,
1432 711 1538 743 mo-

429 791 524 834 ues.
536 775 955 842 gubernationem.
974 774 1062 840 qui
1075 773 1238 824 audite
1247 785 1389 822 motu
1411 773 1540 823 Ger-

428 855 626 904 manico
642 889 656 910 ‚
693 851 915 903 Pisonem
951 850 1199 900 Caesarem
1227 850 1441 915 adoptat.
1488 848 1540 899 id

434 928 681 980 Othonem
714 926 934 987 offendit,
966 928 1139 994 quispe
1158 925 1238 975 sua
1255 925 1408 992 lapsus
1436 927 1541 975 ani-

434 1022 570 1055 mum
589 1006 647 1054 ad
661 1006 901 1071 utriusque
927 1005 1116 1056 caedem
1135 1003 1336 1070 appulit,
1361 1014 1410 1050 et
1432 1019 1541 1067 per-

433 1082 548 1138 ficit,
564 1082 830 1131 conciliatis
848 1083 926 1130 fibi
943 1080 1275 1146 praetorianis.
1320 1077 1477 1129 Galba
1490 1090 1544 1130 et

429 1157 538 1218 Pico
565 1160 881 1214 trucidantur,
910 1160 1028 1208 item
1057 1162 1129 1207 T.
1153 1158 1349 1207 Vinius.
1406 1157 1543 1206 Otho

434 1234 488 1284 in
504 1236 696 1302 imperii
713 1237 810 1284 sede
826 1236 919 1294 οὓς
947 1235 1023 1283 cui
1039 1248 1200 1283 tamen
1220 1232 1440 1282 aemulus
1452 1232 1543 1282 sta-

435 1312 524 1362 tim
543 1326 591 1362 et
618 1312 766 1362 hostis
792 1310 1016 1360 Vitellius
1035 1324 1255 1360 exortuS.
1294 1311 1354 1359 de
1375 1310 1544 1360 cauffis

432 1400 599 1440 motae
618 1390 924 1446 Germaniae,
941 1389 1055 1438 etin
1073 1406 1130 1438 ea
1145 1386 1412 1453 legionum.
1457 1389 1548 1435 Vi-

435 1464 620 1517 renium
642 1467 906 1533 principem
930 1465 1152 1526 sumunt3
1181 1477 1228 1515 et
1255 1466 1349 1514 iter
1375 1465 1423 1514 in
1448 1467 1550 1513 Ita-

435 1542 578 1595 liam:
621 1546 803 1595 duobus
830 1545 1044 1600 ducibus,
1083 1541 1292 1592 Valente
1312 1542 1473 1598 fabio.
1498 1553 1553 1591 et

437 1621 617 1672 Alieno
649 1623 871 1672 Caecina.
918 1621 1052 1670 Otho
1070 1621 1230 1685 copias
1248 1622 1365 1671 item
1387 1617 1551 1667 duces-

442 1715 535 1765 que
573 1712 726 1764 parat.
780 1698 989 1746 recenfio
1022 1694 1399 1761 provinciarum,
1426 1709 1549 1759 quae

439 1792 588 1840 penes
602 1787 855 1839 utrumque
873 1774 1162 1843 principun.
1193 1773 1378 1820 interea
1395 1775 1550 1819 Roxo-

440 1851 545 1901 lani
570 1857 809 1901 Sarmatae
836 1849 1064 1900 Moestum
1098 1849 1341 1913 irrupere:
1369 1847 1444 1895 std
1476 1863 1556 1896 re-

439 1928 576 1994 pulfi,
598 1941 680 1978 aut
694 1927 829 1978 caefi.
869 1928 1036 1976 seditio
1053 1929 1234 1974 Rornae
1250 1937 1299 1973 et
1313 1921 1559 1974 tumultus

442 2007 860 2072 praetorianorum
879 2004 1053 2069 ingens
1068 2013 1263 2050 exortus
1282 2017 1295 2050 ε
1320 2000 1404 2067 qui
1417 1999 1564 2051 setta-¹

442 2095 548 2132 tum
572 2081 843 2132 univer-firm
873 2082 929 2127 ad
955 2079 1147 2128 caedem
1182 2076 1458 2142 deposcunt,
1498 2089 1560 2126 ut.

448 2161 637 2208 Othoni
654 2158 873 2207 infidum.
916 2157 1049 2204 Otho
1074 2168 1215 2220 aegre
1239 2169 1323 2202 eos
1346 2155 1560 2212 coercet,

443 2249 495 2286 et
514 2235 744 2285 donativo
763 2249 881 2283 mox
905 2231 1080 2298 placat.
1136 2231 1260 2281 idem
1276 2228 1462 2278 daffem
1479 2230 1559 2278 in·-

447 2312 598 2370 struit,
624 2310 868 2376 mittitque
894 2311 943 2357 in
974 2305 1183 2357 Galliam
1207 2316 1377 2355 contra
1396 2305 1561 2355 Vitel-

441 2389 581 2440 lium.
622 2389 824 2453 deniqne
843 2385 954 2451 ipse,
969 2380 1134 2433 omissa
1154 2384 1287 2442 urbe,
1302 2382 1353 2433 in
1371 2397 1479 2432 eum
1498 2382 1561 2432 it.

449 2464 579 2536 gesta
603 2466 723 2516 hacc
737 2464 903 2533 paucis
923 2459 1186 2514 menfibm.
