1759 2975
228 272 1405 369 HISTORIARUM

418 614 703 674 LIBER
744 619 1187 676 TERTIUS.

421 905 466 958 E
485 921 521 958 1.
543 923 562 958 1
587 921 625 960 o
651 920 689 960 R
721 919 758 959 r.
795 900 919 959 fatu*
933 897 1149 978 fideque
1170 901 1404 978 partium

441 988 823 1045 Flavianarum
844 985 1012 1045 duces
1037 985 1258 1046 confilia
1279 987 1407 1047 belli

218 1075 550 1134 tractabant.
596 1074 955 1132 Petovionem
978 1075 1037 1131 in
1053 1074 1281 1133 hiberna
1296 1089 1406 1133 ter-

218 1161 574 1221 tiaedecimae
612 1159 848 1238 legionis
880 1175 1294 1219 convenerant:
1340 1162 1405 1220 ii-

216 1249 293 1308 lic
315 1250 609 1326 agitavere,
651 1250 667 1279 4
693 1248 1001 1326 placeretne
1032 1246 1234 1306 obstrui
1263 1254 1406 1306 Pan·

224 1339 241 1368 ⁴
268 1339 469 1395 noniae
486 1334 679 1412 Alpes,
691 1333 869 1392 donec
886 1355 918 1391 a
938 1351 1092 1409 tergo
1109 1336 1254 1392 vires
1278 1336 1405 1392 uni·

213 1421 239 1455 ⁴
266 1421 444 1480 versae
470 1417 888 1496 consurgerent3
926 1439 997 1476 an
1023 1422 1100 1476 ire
1123 1421 1403 1491 cominuS,

219 1509 242 1539 4
264 1524 320 1568 et
344 1523 548 1566 certare
569 1505 839 1584 proItalia
860 1502 1196 1563 constantius
1218 1503 1406 1566 foret.'

213 1597 427 1673 quibus
450 1592 690 1670 opperiri
726 1591 951 1663 auxilia,
978 1605 1034 1648 et
1058 1591 1267 1647 trahere
1294 1590 1409 1649 bel-

215 1680 335 1740 lum
360 1678 666 1744 videbatur,
705 1675 724 1708 ⁴
749 1677 1199 1735 Germanicarum
1234 1673 1408 1753 legio-

217 1768 241 1800 ⁴
256 1787 390 1826 num
409 1766 521 1824 vim
537 1763 850 1843 famamque
862 1762 1222 1834 extollebant,
1238 1777 1292 1819 et
1311 1763 1408 1822 ad—

221 1856 242 1887 4
270 1850 470 1913 veniffe
507 1869 642 1909 mox
680 1870 805 1910 cum
838 1848 1071 1909 Vitellio
1105 1851 1406 1910 Britannici

220 1940 240 1974 ⁴
267 1939 539 1998 exercitus
565 1937 795 1995 roborat
843 1935 967 2014 ipsis
993 1955 1092 1994 nec
1118 1956 1406 1997 numerum

220 2032 240 2059 ⁴
266 2044 448 2106 parem
487 2020 757 2103 pulsarum
798 2042 975 2101 nuper
1004 2021 1308 2098 legionum,
1353 2037 1408 2082 et

221 2112 241 2146 ⁴
267 2129 599 2189 quamquam
620 2110 875 2167 atrociter
896 2109 1276 2187 loquerentur,
1303 2112 1406 2166 mi·

222 2198 242 2232 ⁴
270 2216 462 2255 norem
499 2194 600 2253 effe
626 2194 765 2271 apud
800 2197 977 2253 viflos
1007 2196 1271 2253 animum.
1318 2191 1409 2251 sed

220 2284 240 2318 4
265 2281 699 2342 inseflisintetim
711 2281 1269 2359 Alpibus,venturum
1283 2298 1409 2337 cuin

223 2371 244 2403 ⁴
272 2370 451 2449 copiis
482 2366 728 2426 Orientis
764 2368 1106 2425 Mucianum.
1153 2360 1412 2444 supet-effe

217 2454 241 2489 ⁴
269 2450 599 2536 Vespafiano
620 2470 791 2531 mare,
812 2449 1035 2534 plassea,
1075 2449 1244 2534 studia
1278 2469 1409 2532 pro-
