1759 2975
371 146 459 212 50
561 145 1388 189 c-‹toxussLnTAcvrz

370 234 391 264 ‘
415 224 720 288 mansuram
750 222 904 285 fiaiss‘e
934 222 1034 286 sub
1062 225 1333 307 Pompejo
1361 213 1563 288 Bruto-

369 314 395 347 ‘
414 333 524 394 que
551 312 966 392 rempublicam.
1010 332 1162 372 nunc
1183 333 1286 394 pro
1308 317 1556 391 Othone,

368 401 395 439 ί
409 421 484 460 an
546 420 612 460 ro
629 398 884 476 Vitellio,
908 401 965 459 in
995 400 1447 481 templassituros?
1489 421 1558 461 u·
1579 450 1597 456 -

363 488 391 528 4
410 421 626 566 παίζοι·
649 487 846 567 impias
877 506 1101 566 preces,
1131 500 1363 567 utraque
1388 486 1557 547 detes-

365 574 391 615 ί
411 574 578 634 tanda
604 589 764 647 vota,
785 573 938 632 inter
962 570 1123 648 duos,
1147 592 1391 653 quorum
1412 574 1559 635 bello

366 668 393 700 ²
414 657 586 721 solum
606 660 663 720 id
686 658 870 736 scires,
884 657 1207 721 deteriorem
1222 659 1343 719 fore
1357 663 1456 741 qui
1471 663 1559 722 vi-

364 744 389 796 ‘·
404 745 605 807 ciss'et.'
622 793 631 800 .
648 761 806 807 erant
819 748 918 827 qui
932 742 1317 827 Vespafianum
1336 762 1391 806 et
1403 768 1560 810 arma

364 835 614 897 Orientis
628 848 1061 913 augum-arentum
1092 847 1171 909 et,
1192 849 1256 893 ut
1277 835 1471 915 potior
1490 855 1558 896 u·

362 937 563 1003 troque
574 921 962 1002 vespafianus,
978 921 1057 979 ita
1071 920 1270 981 bellum
1286 919 1457 999 aliud,
1471 936 1558 983 at·

365 1029 477 1089 que
503 1010 634 1069 alias
653 1007 836 1069 clades
858 1009 1181 1069 horrebant.
1225 1024 1283 1067 et
1304 1009 1556 1087 ambigua

360 1095 433 1155 de
448 1094 782 1174 Vespasiano
804 1093 985 1155 fama:
1031 1091 1282 1175 solusque
1300 1096 1554 1157 omnium

361 1194 489 1242 ante
507 1181 558 1242 se
569 1182 900 1263 principum,
914 1183 973 1240 in
990 1180 1186 1241 melius
1195 1195 1440 1242 mutatus
1452 1180 1550 1243 est.

360 1275 532 1330 Nunc
553 1268 715 1328 initia
737 1266 1047 1347 caussasque
1059 1284 1248 1329 motus
1257 1268 1544 1329 Vitelliani
1558 1287 1593 1347 5
1611 1292 1638 1335 1

362 1354 674 1435 expediam.
721 1352 891 1414 Caeso
922 1374 1049 1415 cum
1082 1356 1344 1416 omnibus
1375 1357 1555 1436 copiis

363 1441 517 1521 Julio
539 1441 810 1518 Vindice,
848 1440 1011 1503 ferox
1044 1441 1240 1522 praeda
1267 1443 1559 1524 gloriaque

361 1532 663 1608 exercitu3‚
693 1545 758 1589 ut
781 1529 872 1590 cui
890 1528 1000 1590 fine
1017 1528 1203 1590 labore
1220 1551 1284 1591 ac
1306 1530 1559 1610 periculo

360 1616 600 1679 ditiffimi
623 1617 748 1677 belli
770 1618 1005 1679 vidioria
1026 1614 1307 1692 evenisset,
1328 1619 1559 1698 expedi·

359 1707 573 1765 tionem
591 1720 648 1763 et
670 1705 863 1771 aciem,
902 1705 1139 1783 praemia
1161 1722 1328 1783 quam
1349 1702 1558 1785 stipen-

360 1791 452 1849 dia
474 1791 743 1866 malebam
780 1790 986 1869 diuque
1008 1788 1394 1851 infrustuosam
1418 1806 1475 1849 et
1494 1812 1559 1851 a·

357 1874 562 1956 speram
580 1876 830 1936 militiam
844 1876 1195 1952 toleraverat,
1205 1878 1428 1954 ingenio
1438 1877 1559 1940 loci

358 1965 629 2043 coelique,
641 1977 696 2021 et
707 1960 997 2023 severitate
1009 1962 1323 2043 disciplinae
1335 1985 1353 2037 ς
1380 1983 1556 2043 quam

359 2051 417 2109 in
445 2070 578 2128 pace
603 2050 995 2110 inexorabilem
1024 2048 1321 2110 discordiae
1343 2053 1555 2112 civium

358 2135 664 2212 resolvunt,
682 2141 886 2216 paratis
913 2139 1190 2217 utrimque
1207 2139 1556 2217 corruptori-

356 2225 493 2294 bus,
526 2241 582 2283 et
611 2221 831 2303 perfidia
852 2226 1141 2303 impunita.
1188 2223 1329 2300 viri,
1363 2243 1553 2302 arma,

355 2312 508 2390 equi,
541 2310 610 2370 ad
640 2308 792 2370 usum
825 2327 879 2370 et
909 2311 974 2370 ad
1010 2311 1174 2370 decus
1202 2310 1550 2388 supererant.

355 2396 446 2456 sed
464 2412 590 2457 ante
619 2397 843 2472 bellum,
875 2399 1151 2457 centurias
1177 2410 1391 2454 tantum
1421 2393 1550 2457 suas

356 2480 667 2565 turmasque
695 2500 966 2546 noverant
981 2506 999 2557 3
1045 2484 1312 2544 exercitus
1336 2478 1546 2544 finibus
