1759 2975
356 134 440 196 28
544 149 1031 193 c.coau1;1.11
1065 150 1360 193 τΑοιτι

352 249 487 289 tavo
512 230 722 290 decimo
743 229 1005 290 kalendas
1026 232 1343 291 Februarias
1367 230 1533 292 sacri-

348 316 534 375 ficanti
554 338 655 397 pro
672 317 800 376 aede
816 316 1093 396 Apollinis
1108 319 1333 387 Galbae,
1346 316 1534 377 harus·

348 422 460 480 pex
480 404 794 463 Umbricius
825 404 844 435 ‘
863 401 1033 462 tristia
1063 421 1216 478 exta,
1247 419 1305 463 et
1328 402 1537 462 instan-

347 489 368 520 ‘
394 505 478 546 tes
515 488 735 547 infidias
757 532 773 560 ,
808 509 871 549 ac
904 486 1256 549 domesticum
1285 487 1491 548 hostem
1516 492 1535 516 ’

346 574 611 654 praedicit
625 598 642 647 ;
665 573 921 633 audiente
933 576 1157 634 Othone
1170 573 1324 644 (nam
1340 577 1534 655 proxi-

346 681 471 720 mus
496 660 814 733 adstiterat)
840 659 1005 738 idque
1025 675 1096 719 -ut
1118 660 1318 720 laetum
1338 681 1370 718 e
1392 683 1531 721 con-

345 750 542 823 trario,
566 763 622 805 et
638 745 746 805 suis
763 748 1193 823 cogitationibus
1211 744 1532 826 prosperum

346 833 766 913 interpretante.
830 853 934 891 nec
965 832 1141 891 multo
1163 832 1282 913 post
1304 832 1530 893 libertus

345 917 677 978 Onomastus
696 921 942 993 nuntiat,
971 918 990 949 ‘
1007 917 1295 999 exspectari
1320 939 1439 977 eum
1458 920 1529 978 ab

342 1006 364 1038 ‘
381 1008 676 1065 architefio
692 1002 1195 1084 et‘redemptoribus
1216 1006 1256 1064 ε’
1277 1024 1416 1083 quae
1429 1002 1529 1081 fig·

341 1089 591 1149 nificatio
614 1092 934 1151 coeuntium
952 1091 1070 1165 jam
1086 1090 1341 1165 militum,
1361 1106 1417 1148 et
1434 1109 1529 1168 pa·

341 1191 492 1236 tatae
507 1176 913 1251 conjurationis
935 1190 1290 1234 convenerat.
1353 1178 1528 1249 Otho,

342 1262 364 1294 ‘
384 1260 614 1320 cauffam
633 1258 919 1335 digreffin’
938 1262 1369 1338 requirentibus,
1400 1280 1528 1321 cum

341 1348 364 1381 ‘
386 1349 491 1406 emi
515 1345 606 1406 fibi
632 1346 996 1436 praediaffl
872 1345 1133 1419 vetustate
1149 1345 1404 1425 [uspgssffi
1429 1368 1528 1406 eo·

338 1431 497 1514 ‘que
510 1436 663 1511 prius
680 1409 1039 1512 exploranda?
1054 1405 1348 1506 finxiffet,
1332 1455 1389 1492 1n
1399 1452 1524 1493 nix·

326 1539 407 1583 us
437 1520 667 1594 liberto,
706 1540 801 1599 per
833 1520 1189 1577 Tiberianam
1214 1519 1477 1578 domum
1463 1541 1523 1580 m

336 1606 662 1680 Velabrum,
691 1605 816 1664 inde
849 1604 917 1663 ad
952 1604 1245 1663 Miliarium
1271 1625 1518 1680 aureum,

336 1692 436 1751 sub
460 1694 644 1752 aedem
660 1692 877 1748 Saturni
895 1694 1089 1769 pergit.
1138 1692 1212 1748 ibi
1237 1706 1347 1748 tres
1367 1707 1420 1748 et
1439 1694 1523 1750 vi-

335 1780 475 1854 ginti
496 1777 855 1856 speculatores
878 1774 1274 1835 consalutatum
1293 1779 1524 1855 impera·

339 1880 541 1938 torem,
575 1883 639 1920 ac
675 1863 945 1940 paucitate
979 1860 1323 1920 salutantium
1357 1865 1522 1942 trepi-
1605 1869 1614 1873 ’

336 1948 468 2008 dum
491 1990 509 2020 ,
549 1963 605 2011 et
641 1946 795 2005 sellae
838 1945 1151 2006 festinanter
1188 1945 1524 2028 impositum,

335 2033 532 2094 strictis
577 2034 930 2091 mucronibus
976 2035 1219 2111 rapiunt.
1289 2034 1523 2094 totidem

333 2120 504 2180 ferme
529 2119 727 2178 milites
752 2121 810 2176 in
835 2121 1028 2176 itinere
1052 2134 1441 2195 aggregantur,
1465 2140 1522 2177 a·

335 2208 394 2266 lii
413 2203 769 2277 conscientia,
794 2205 1039 2282 plerique
1065 2203 1366 2262 miraculo:
1397 2224 1523 2282 pars

334 2292 575 2350 clamore
598 2305 653 2348 et
691 2290 888 2366 gladiis
905 2332 925 2364 ,
964 2310 1087 2367 pars
1115 2287 1328 2348 filentio
1345 2330 1366 2362 ,
1403 2292 1522 2348 ani-

336 2399 486 2437 mum
513 2397 583 2435 ex
612 2392 810 2435 eventu
837 2373 1123 2453 sumpturi,
1215 2375 1604 2436 Stationem28

332 2467 397 2522 in
422 2461 603 2524 castris
623 2463 813 2540 agebat
841 2460 1023 2538 Julius
1048 2462 1319 2524 Martialis
1343 2462 1521 2523 tribu-

1743 2376 1748 2533 l
