1759 2975
374 171 493 219 100
591 171 650 218 C.
688 169 1076 217 COR'NEL‘II
1113 175 1401 220 ΤΑΟῙἿἹ

361 252 545 313 servus
574 274 605 313 e
621 261 835 330 Ponto,
858 253 998 329 five,
1035 270 1095 314 ut
1120 256 1208 315 alii
1232 257 1505 318 tradidere
1524 299 1547 333 ,

359 342 379 373 ‘
400 341 686 400 libertinus
706 362 776 399 ex
797 344 995 410 Italia,'
1019 344 1254 403 citharae
1270 360 1326 402 et
1346 361 1547 405 cantus

357 429 563 507 peritus
587 426 767 496 (unde
783 429 862 487 illi
882 426 1041 507 super
1056 427 1461 491 fimilitudinem
1480 452 1546 491 o-

354 515 433 572 ria
459 516 689 593 propior
710 514 778 572 acl
799 513 1095 574 fallendum
1126 515 1291 592 fides)
1315 517 1546 596 adjunc-

353 602 426 658 tis
451 598 835 673 desertoribus,
874 618 1018 679 quos
1050 603 1235 679 inopia
1264 624 1434 679 vagos
1460 609 1546 662 in·

351 688 605 763 gentibus
629 687 896 767 promiffis
919 702 1255 765 corruperat,
1287 708 1436 748 mare
1453 693 1542 749 in·

352 773 632 850 grediturt
677 794 742 833 ac
775 776 835 833 vi
865 771 1236 849 tempestatum
1268 776 1541 852 Sythnum

353 859 585 919 insulam
608 858 853 919 detrusus
870 901 889 934 ,
929 874 985 917 et
1008 859 1244 918 militum
1273 860 1542 940 quosdam

350 967 427 1006 ex
465 950 689 1006 Oriente
722 949 1153 1007 commeantium
1189 945 1417 1006 adscivit
1449 947 1542 1007 vel

348 1034 647 1092 abnuentes
670 1033 899 1092 interfici
910 1033 1083 1109 juffit,
1113 1048 1168 1092 et
1185 1031 1424 1112 spoliatis
1444 1054 1541 1093 ne-

344 1121 711 1195 gotiatoribus
733 1161 752 1190 ‚
798 1121 1199 1195 mancipiorum
1252 1120 1541 1179 vale-utilli-

346 1224 498 1264 mum
523 1223 796 1281 quemque
817 1205 1085 1261 armavitt
1129 1206 1538 1265 centurionem-

343 1310 454 1370 que
464 1288 737 1347 Sisennam
756 1289 1002 1360 dextras,
1017 1288 1344 1346 concordiae
1369 1289 1535 1368 infig·

343 1379 456 1449 nia,
469 1379 673 1454 Syriaci
693 1376 968 1434 exercitus
987 1377 1211 1433 nomine
1226 1373 1293 1432 ad
1313 1391 1535 1454 praeto-

341 1465 532 1524 rianos
564 1461 824 1523 serentem
863 1464 1034 1521 variis
1072 1462 1279 1520 artibus
1322 1461 1537 1541 aggres-

339 1550 429 1610 sus
452 1549 525 1610 est
545 1573 563 1609 ε
610 1550 792 1611 donec
815 1548 1041 1609 Sisenna
1067 1550 1207 1608 clam
1236 1548 1421 1608 relicta
1450 1552 1536 1610 in-

338 1637 475 1711 sula,
490 1639 734 1717 trepidus
751 1653 805 1696 et
823 1638 934 1696 vim
954 1652 1203 1696 metuens
1219 1633 1532 1714 aufugeret;

336 1725 464 1782 inde
486 1725 594 1782 late
617 1739 829 1796 terror,
867 1725 1056 1780 multis
1075 1721 1144 1779 ad
1167 1722 1536 1782 celebritatem

339 1811 586 1869 nominis
609 1812 799 1869 erestis
822 1827 1004 1866 rerum
1032 1827 1304 1865 novarum
1322 1810 1536 1886 cupidi-

338 1915 412 1954 ne
434 1910 492 1952 et
506 1894 640 1953 odio
656 1892 1041 1972 praesentium.
1121 1889 1453 1951 Gliscentem
1470 1895 1530 1952 in
1561 1907 1601 1967 9

334 1981 453 2040 dies
483 1980 680 2039 famam
715 1979 833 2037 fors
857 1976 1111 2037 discuffit.
1155 1976 1442 2037 »Galatiam
1467 2000 1534 2040 ac

337 2068 712 2146 Pamphyliam
747 2067 1087 2144 provincias,
1122 2062 1431 2141 Calpurnio
1458 2075 1537 2125 A·

335 2153 566 2234 sprenati
590 2151 850 2231 regendas
866 2151 1039 2210 Galba
1056 2148 1368 2230 permiserat
1384 2173 1401 2221 3
1438 2151 1536 2211 da-

332 2257 424 2301 tae
453 2261 482 2298 e
513 2239 668 2299 claffe
705 2237 996 2298 Misenensi
1025 2237 1164 2296 duae
1185 2239 1434 2296 triremes
1464 2237 1537 2299 ad

332 2325 806 2409 prosequendum,
855 2346 983 2384 cum
1015 2325 1218 2400 quibus
1246 2324 1537 2399 Cythnum

332 2413 559 2473 insulam
589 2414 784 2472 tenuit.
831 2432 936 2469 nec
951 2409 1167 2468 defuere
1187 2412 1282 2488 qui
1309 2409 1534 2467 trierar-

328 2504 467 2583 chos
506 2503 734 2562 nomine
781 2499 1027 2560 Neronis
1065 2497 1335 2568 accirent3
1388 2498 1436 2555 is
1472 2498 1536 2561 in
