<?xml version="1.0" encoding="UTF-8"?>
<!DOCTYPE html PUBLIC "-//W3C//DTD XHTML 1.0 Transitional//EN"
    "http://www.w3.org/TR/xhtml1/DTD/xhtml1-transitional.dtd">
<html xmlns="http://www.w3.org/1999/xhtml" xml:lang="en" lang="en">
 <head>
  <title>
</title>
<meta http-equiv="Content-Type" content="text/html;charset=utf-8" />
  <meta name='ocr-system' content='tesseract 3.04.00' />
  <meta name='ocr-capabilities' content='ocr_page ocr_carea ocr_par ocr_line ocrx_word'/>
</head>
<body>
  <div class='ocr_page' id='page_1' title='image "./ccorneliitaciti04grongoog_0064.png"; bbox 0 0 1759 2975; ppageno 0'>
   <div class='ocr_carea' id='block_1_1' title="bbox 316 137 1512 321">
    <p class='ocr_par' dir='ltr' id='par_1_1' title="bbox 316 137 1512 321">
     <span class='ocr_line' id='line_1_1' title="bbox 323 137 1334 221; baseline -0.006 -19"><span class='ocrx_word' id='word_1_1' title='bbox 323 141 414 221; x_wconf 72' lang='lat'>‘56</span> <span class='ocrx_word' id='word_1_2' title='bbox 506 153 576 199; x_wconf 86' lang='lat' dir='ltr'>·c.</span> <span class='ocrx_word' id='word_1_3' title='bbox 610 154 955 198; x_wconf 60' lang='lat' dir='ltr'>cor-usu</span> <span class='ocrx_word' id='word_1_4' title='bbox 980 156 998 193; x_wconf 83' lang='grc' dir='ltr'><strong>ι</strong></span> <span class='ocrx_word' id='word_1_5' title='bbox 1032 137 1334 196; x_wconf 67' lang='lat' dir='ltr'>&#39;raet-n</span> 
     </span>
     <span class='ocr_line' id='line_1_2' title="bbox 316 237 1512 321; baseline -0.003 -18"><span class='ocrx_word' id='word_1_6' title='bbox 316 240 534 321; x_wconf 87' lang='lat' dir='ltr'>imperii</span> <span class='ocrx_word' id='word_1_7' title='bbox 544 259 745 300; x_wconf 82' lang='lat' dir='ltr'>exuere</span> <span class='ocrx_word' id='word_1_8' title='bbox 755 238 1100 314; x_wconf 86' lang='lat' dir='ltr'>viderentur,</span> <span class='ocrx_word' id='word_1_9' title='bbox 1110 241 1169 298; x_wconf 91' lang='lat' dir='ltr'>in</span> <span class='ocrx_word' id='word_1_10' title='bbox 1178 237 1396 300; x_wconf 88' lang='lat' dir='ltr'>senatus</span> <span class='ocrx_word' id='word_1_11' title='bbox 1406 258 1512 319; x_wconf 88' lang='lat' dir='ltr'>po·</span> 
     </span>
    </p>
   </div>
   <div class='ocr_carea' id='block_1_2' title="bbox 214 324 1510 411">
    <p class='ocr_par' dir='ltr' id='par_1_2' title="bbox 214 324 1510 411">
     <span class='ocr_line' id='line_1_3' title="bbox 214 324 1510 411; baseline -0.004 -20"><span class='ocrx_word' id='word_1_12' title='bbox 214 374 235 390; x_wconf 87' lang='lat'>..</span> <span class='ocrx_word' id='word_1_13' title='bbox 317 328 545 411; x_wconf 85' lang='lat' dir='ltr'>pulique</span> <span class='ocrx_word' id='word_1_14' title='bbox 572 328 812 387; x_wconf 87' lang='lat' dir='ltr'>Romani</span> <span class='ocrx_word' id='word_1_15' title='bbox 837 324 1154 386; x_wconf 83' lang='lat' dir='ltr'>oblitterata</span> <span class='ocrx_word' id='word_1_16' title='bbox 1181 326 1293 403; x_wconf 82' lang='lat' dir='ltr'>jam</span> <span class='ocrx_word' id='word_1_17' title='bbox 1324 326 1510 386; x_wconf 89' lang='lat' dir='ltr'>nomi·</span> 
     </span>
    </p>
   </div>
   <div class='ocr_carea' id='block_1_3' title="bbox 312 411 1728 2569">
    <p class='ocr_par' dir='ltr' id='par_1_3' title="bbox 312 411 1728 2569">
     <span class='ocr_line' id='line_1_4' title="bbox 319 411 1511 491; baseline -0.001 -17"><span class='ocrx_word' id='word_1_18' title='bbox 319 433 415 491; x_wconf 88' lang='lat' dir='ltr'>na,</span> <span class='ocrx_word' id='word_1_19' title='bbox 426 414 765 474; x_wconf 84' lang='lat' dir='ltr'>sacramenta</span> <span class='ocrx_word' id='word_1_20' title='bbox 779 411 1127 473; x_wconf 76' lang='lat' dir='ltr'><strong>advocabant</strong></span> <span class='ocrx_word' id='word_1_21' title='bbox 1145 435 1163 486; x_wconf 78' lang='lat'>3</span> <span class='ocrx_word' id='word_1_22' title='bbox 1195 413 1350 473; x_wconf 89' lang='lat' dir='ltr'>nullo</span> <span class='ocrx_word' id='word_1_23' title='bbox 1361 415 1511 490; x_wconf 88' lang='lat' dir='ltr'>lega-</span> 
     </span>
     <span class='ocr_line' id='line_1_5' title="bbox 318 499 1512 579; baseline -0.004 -17"><span class='ocrx_word' id='word_1_24' title='bbox 318 516 507 562; x_wconf 77' lang='lat' dir='ltr'>torum</span> <span class='ocrx_word' id='word_1_25' title='bbox 531 501 954 560; x_wconf 84' lang='lat' dir='ltr'>tribunorumve</span> <span class='ocrx_word' id='word_1_26' title='bbox 969 520 1075 579; x_wconf 88' lang='lat' dir='ltr'>pro</span> <span class='ocrx_word' id='word_1_27' title='bbox 1087 499 1261 559; x_wconf 83' lang='lat' dir='ltr'>Galba</span> <span class='ocrx_word' id='word_1_28' title='bbox 1275 503 1512 575; x_wconf 82' lang='lat' dir='ltr'>nitente,</span> 
     </span>
     <span class='ocr_line' id='line_1_6' title="bbox 319 586 1510 668; baseline -0.003 -21"><span class='ocrx_word' id='word_1_29' title='bbox 319 587 680 668; x_wconf 84' lang='lat' dir='ltr'>quibusdam,</span> <span class='ocrx_word' id='word_1_30' title='bbox 712 601 774 646; x_wconf 81' lang='lat' dir='ltr'>ut</span> <span class='ocrx_word' id='word_1_31' title='bbox 804 589 866 645; x_wconf 93' lang='lat' dir='ltr'>in</span> <span class='ocrx_word' id='word_1_32' title='bbox 904 586 1175 660; x_wconf 86' lang='lat' dir='ltr'>tumultu,</span> <span class='ocrx_word' id='word_1_33' title='bbox 1208 587 1510 647; x_wconf 77' lang='lat' dir='ltr'>notabilius</span> 
     </span>
     <span class='ocr_line' id='line_1_7' title="bbox 318 672 1510 752; baseline -0.002 -19"><span class='ocrx_word' id='word_1_34' title='bbox 318 674 694 735; x_wconf 75' lang='lat' dir='ltr'>turbantibus·</span> <span class='ocrx_word' id='word_1_35' title='bbox 750 692 870 732; x_wconf 88' lang='lat' dir='ltr'>non</span> <span class='ocrx_word' id='word_1_36' title='bbox 908 687 1089 731; x_wconf 88' lang='lat' dir='ltr'>tamen</span> <span class='ocrx_word' id='word_1_37' title='bbox 1123 672 1410 752; x_wconf 87' lang='lat' dir='ltr'>quisquam</span> <span class='ocrx_word' id='word_1_38' title='bbox 1449 674 1510 731; x_wconf 88' lang='lat' dir='ltr'>in</span> 
     </span>
     <span class='ocr_line' id='line_1_8' title="bbox 319 757 1508 842; baseline -0.005 -20"><span class='ocrx_word' id='word_1_39' title='bbox 319 760 545 842; x_wconf 26' lang='lat' dir='ltr'>mod-um</span> <span class='ocrx_word' id='word_1_40' title='bbox 564 761 880 833; x_wconf 80' lang='lat' dir='ltr'>concionis,</span> <span class='ocrx_word' id='word_1_41' title='bbox 899 775 992 817; x_wconf 89' lang='lat' dir='ltr'>aut</span> <span class='ocrx_word' id='word_1_42' title='bbox 1008 757 1246 835; x_wconf 82' lang='lat' dir='ltr'>suggestu</span> <span class='ocrx_word' id='word_1_43' title='bbox 1264 759 1508 832; x_wconf 83' lang='lat' dir='ltr'>locutus;</span> 
     </span>
     <span class='ocr_line' id='line_1_9' title="bbox 323 843 1728 927; baseline -0.002 -19"><span class='ocrx_word' id='word_1_44' title='bbox 323 848 507 927; x_wconf 79' lang='lat' dir='ltr'>nequ&#39;e</span> <span class='ocrx_word' id='word_1_45' title='bbox 529 850 678 907; x_wconf 87' lang='lat' dir='ltr'>enim</span> <span class='ocrx_word' id='word_1_46' title='bbox 694 861 809 906; x_wconf 85' lang='lat' dir='ltr'>erat</span> <span class='ocrx_word' id='word_1_47' title='bbox 824 846 1003 904; x_wconf 88' lang='lat' dir='ltr'>adhuc</span> <span class='ocrx_word' id='word_1_48' title='bbox 1019 847 1105 904; x_wconf 88' lang='lat' dir='ltr'>cui</span> <span class='ocrx_word' id='word_1_49' title='bbox 1123 847 1506 924; x_wconf 79' lang='lat' dir='ltr'>imputaretur.</span> <span class='ocrx_word' id='word_1_50' title='bbox 1703 843 1728 924; x_wconf 60' lang='lat' dir='ltr'>,j</span> 
     </span>
     <span class='ocr_line' id='line_1_10' title="bbox 323 929 1728 1015; baseline -0.001 -21"><span class='ocrx_word' id='word_1_51' title='bbox 323 939 602 1015; x_wconf 65' lang='lat' dir='ltr'>Spectator</span> <span class='ocrx_word' id='word_1_52' title='bbox 649 935 838 1010; x_wconf 89' lang='lat' dir='ltr'>flagitii</span> <span class='ocrx_word' id='word_1_53' title='bbox 877 930 1237 993; x_wconf 84' lang='lat' dir='ltr'>Hordeonius</span> <span class='ocrx_word' id='word_1_54' title='bbox 1269 933 1498 992; x_wconf 78' lang='lat' dir='ltr'>Flaccus</span> <span class='ocrx_word' id='word_1_55' title='bbox 1518 931 1595 1005; x_wconf 83' lang='lat'>56</span> <span class='ocrx_word' id='word_1_56' title='bbox 1723 929 1728 998; x_wconf 51' lang='lat' dir='ltr'>l</span> 
     </span>
     <span class='ocr_line' id='line_1_11' title="bbox 322 1017 1513 1100; baseline -0.003 -20"><span class='ocrx_word' id='word_1_57' title='bbox 322 1019 630 1081; x_wconf 84' lang='lat' dir='ltr'>consularis</span> <span class='ocrx_word' id='word_1_58' title='bbox 654 1020 862 1098; x_wconf 86' lang='lat' dir='ltr'>legatus</span> <span class='ocrx_word' id='word_1_59' title='bbox 891 1018 1099 1094; x_wconf 84' lang='lat' dir='ltr'>aderat,</span> <span class='ocrx_word' id='word_1_60' title='bbox 1123 1039 1244 1078; x_wconf 91' lang='lat' dir='ltr'>non</span> <span class='ocrx_word' id='word_1_61' title='bbox 1266 1017 1513 1100; x_wconf 87' lang='lat' dir='ltr'>compes-</span> 
     </span>
     <span class='ocr_line' id='line_1_12' title="bbox 322 1105 1515 1180; baseline -0.002 -14"><span class='ocrx_word' id='word_1_62' title='bbox 322 1126 446 1166; x_wconf 83' lang='lat' dir='ltr'>cere</span> <span class='ocrx_word' id='word_1_63' title='bbox 469 1121 710 1178; x_wconf 87' lang='lat' dir='ltr'>ruentes,</span> <span class='ocrx_word' id='word_1_64' title='bbox 744 1126 860 1165; x_wconf 88' lang='lat' dir='ltr'>non</span> <span class='ocrx_word' id='word_1_65' title='bbox 880 1107 1115 1164; x_wconf 85' lang='lat' dir='ltr'>retinere</span> <span class='ocrx_word' id='word_1_66' title='bbox 1137 1105 1358 1180; x_wconf 88' lang='lat' dir='ltr'>dubios,</span> <span class='ocrx_word' id='word_1_67' title='bbox 1393 1126 1515 1165; x_wconf 89' lang='lat' dir='ltr'>non</span> 
     </span>
     <span class='ocr_line' id='line_1_13' title="bbox 320 1188 1513 1271; baseline -0.001 -18"><span class='ocrx_word' id='word_1_68' title='bbox 320 1194 606 1253; x_wconf 85' lang='lat' dir='ltr'>cohortari</span> <span class='ocrx_word' id='word_1_69' title='bbox 621 1192 803 1250; x_wconf 87' lang='lat' dir='ltr'>bonos</span> <span class='ocrx_word' id='word_1_70' title='bbox 819 1211 886 1249; x_wconf 86' lang='lat' dir='ltr'>au</span> <span class='ocrx_word' id='word_1_71' title='bbox 894 1189 1011 1264; x_wconf 80' lang='lat' dir='ltr'>sus;</span> <span class='ocrx_word' id='word_1_72' title='bbox 1044 1188 1134 1250; x_wconf 90' lang='lat' dir='ltr'>sed</span> <span class='ocrx_word' id='word_1_73' title='bbox 1144 1189 1342 1268; x_wconf 84' lang='lat' dir='ltr'>segnis,</span> <span class='ocrx_word' id='word_1_74' title='bbox 1354 1193 1513 1271; x_wconf 79' lang='lat' dir='ltr'>pavi-</span> 
     </span>
     <span class='ocr_line' id='line_1_14' title="bbox 319 1276 1516 1355; baseline -0.001 -17"><span class='ocrx_word' id='word_1_75' title='bbox 319 1277 447 1352; x_wconf 86' lang='lat' dir='ltr'>dus,</span> <span class='ocrx_word' id='word_1_76' title='bbox 457 1293 513 1336; x_wconf 85' lang='lat' dir='ltr'>et</span> <span class='ocrx_word' id='word_1_77' title='bbox 525 1276 773 1337; x_wconf 84' lang='lat' dir='ltr'>socordia</span> <span class='ocrx_word' id='word_1_78' title='bbox 783 1279 1077 1337; x_wconf 75' lang='lat' dir='ltr'>innocens.</span> <span class='ocrx_word' id='word_1_79' title='bbox 1121 1294 1364 1355; x_wconf 86' lang='lat' dir='ltr'>quatuor</span> <span class='ocrx_word' id='word_1_80' title='bbox 1376 1299 1516 1337; x_wconf 83' lang='lat' dir='ltr'>cen-</span> 
     </span>
     <span class='ocr_line' id='line_1_15' title="bbox 319 1361 1513 1441; baseline 0.001 -18"><span class='ocrx_word' id='word_1_81' title='bbox 319 1366 568 1424; x_wconf 86' lang='lat' dir='ltr'>turiones</span> <span class='ocrx_word' id='word_1_82' title='bbox 591 1361 1053 1423; x_wconf 76' lang='lat' dir='ltr'>duodevicesuuae</span> <span class='ocrx_word' id='word_1_83' title='bbox 1075 1363 1313 1441; x_wconf 73' lang='lat' dir='ltr'>legionis</span> <span class='ocrx_word' id='word_1_84' title='bbox 1326 1366 1513 1424; x_wconf 80' lang='lat' dir='ltr'>Noni-</span> 
     </span>
     <span class='ocr_line' id='line_1_16' title="bbox 320 1449 1513 1532; baseline 0.001 -20"><span class='ocrx_word' id='word_1_85' title='bbox 320 1458 637 1532; x_wconf 83' lang='lat' dir='ltr'>usReceptu</span> <span class='ocrx_word' id='word_1_86' title='bbox 644 1471 692 1526; x_wconf 89' lang='lat' dir='ltr'>s,</span> <span class='ocrx_word' id='word_1_87' title='bbox 705 1452 954 1511; x_wconf 89' lang='lat' dir='ltr'>Donatiu</span> <span class='ocrx_word' id='word_1_88' title='bbox 961 1449 1169 1512; x_wconf 89' lang='lat' dir='ltr'>sValen</span> <span class='ocrx_word' id='word_1_89' title='bbox 1176 1471 1224 1526; x_wconf 90' lang='lat' dir='ltr'>s,</span> <span class='ocrx_word' id='word_1_90' title='bbox 1235 1451 1513 1514; x_wconf 74' lang='lat' dir='ltr'>Romilius</span> 
     </span>
     <span class='ocr_line' id='line_1_17' title="bbox 320 1539 1513 1619; baseline 0.001 -19"><span class='ocrx_word' id='word_1_91' title='bbox 320 1539 645 1615; x_wconf 84' lang='lat' dir='ltr'>Marcellus,</span> <span class='ocrx_word' id='word_1_92' title='bbox 658 1539 993 1619; x_wconf 79' lang='lat' dir='ltr'>Calpurnius</span> <span class='ocrx_word' id='word_1_93' title='bbox 1006 1541 1369 1618; x_wconf 75' lang='lat' dir='ltr'>Repentinus,</span> <span class='ocrx_word' id='word_1_94' title='bbox 1379 1559 1513 1602; x_wconf 83' lang='lat' dir='ltr'>cum</span> 
     </span>
     <span class='ocr_line' id='line_1_18' title="bbox 317 1626 1512 1708; baseline 0 -22"><span class='ocrx_word' id='word_1_95' title='bbox 317 1641 674 1708; x_wconf 84' lang='lat' dir='ltr'>protegerent</span> <span class='ocrx_word' id='word_1_96' title='bbox 686 1626 890 1686; x_wconf 83' lang='lat' dir='ltr'>Galbae</span> <span class='ocrx_word' id='word_1_97' title='bbox 900 1627 1396 1706; x_wconf 71' lang='lat' dir='ltr'>imagineS,impetu</span> <span class='ocrx_word' id='word_1_98' title='bbox 1408 1629 1512 1686; x_wconf 85' lang='lat' dir='ltr'>mi-</span> 
     </span>
     <span class='ocr_line' id='line_1_19' title="bbox 315 1713 1511 1793; baseline 0.002 -20"><span class='ocrx_word' id='word_1_99' title='bbox 315 1714 482 1775; x_wconf 85' lang='lat' dir='ltr'>litum</span> <span class='ocrx_word' id='word_1_100' title='bbox 507 1713 742 1793; x_wconf 80' lang='lat' dir='ltr'>abrepti,</span> <span class='ocrx_word' id='word_1_101' title='bbox 771 1713 1076 1791; x_wconf 59' lang='lat' dir='ltr'>vinctique.</span> <span class='ocrx_word' id='word_1_102' title='bbox 1123 1732 1227 1772; x_wconf 85' lang='lat' dir='ltr'>nec</span> <span class='ocrx_word' id='word_1_103' title='bbox 1247 1715 1511 1792; x_wconf 78' lang='lat' dir='ltr'>cuiquam</span> 
     </span>
     <span class='ocr_line' id='line_1_20' title="bbox 315 1796 1511 1877; baseline 0.003 -18"><span class='ocrx_word' id='word_1_104' title='bbox 315 1799 468 1859; x_wconf 82' lang='lat' dir='ltr'>ultra</span> <span class='ocrx_word' id='word_1_105' title='bbox 494 1797 666 1872; x_wconf 87' lang='lat' dir='ltr'>fides,</span> <span class='ocrx_word' id='word_1_106' title='bbox 697 1811 794 1858; x_wconf 86' lang='lat' dir='ltr'>aut</span> <span class='ocrx_word' id='word_1_107' title='bbox 814 1800 1081 1857; x_wconf 83' lang='lat' dir='ltr'>memoria</span> <span class='ocrx_word' id='word_1_108' title='bbox 1100 1799 1304 1877; x_wconf 82' lang='lat' dir='ltr'>prioris</span> <span class='ocrx_word' id='word_1_109' title='bbox 1333 1796 1511 1861; x_wconf 81' lang='lat' dir='ltr'>saera-</span> 
     </span>
     <span class='ocr_line' id='line_1_21' title="bbox 316 1881 1512 1962; baseline 0.001 -18"><span class='ocrx_word' id='word_1_110' title='bbox 316 1884 496 1944; x_wconf 84' lang='lat' dir='ltr'>menti</span> <span class='ocrx_word' id='word_1_111' title='bbox 516 1904 535 1943; x_wconf 77' lang='lat'>=</span> <span class='ocrx_word' id='word_1_112' title='bbox 581 1881 671 1943; x_wconf 87' lang='lat' dir='ltr'>sed</span> <span class='ocrx_word' id='word_1_113' title='bbox 684 1925 704 1960; x_wconf 91' lang='lat'>‚</span> <span class='ocrx_word' id='word_1_114' title='bbox 743 1883 899 1962; x_wconf 89' lang='lat' dir='ltr'>quod</span> <span class='ocrx_word' id='word_1_115' title='bbox 931 1886 992 1944; x_wconf 89' lang='lat' dir='ltr'>in</span> <span class='ocrx_word' id='word_1_116' title='bbox 1022 1881 1378 1944; x_wconf 81' lang='lat' dir='ltr'>seditionibus</span> <span class='ocrx_word' id='word_1_117' title='bbox 1416 1907 1512 1945; x_wconf 88' lang='lat' dir='ltr'>ac-</span> 
     </span>
     <span class='ocr_line' id='line_1_22' title="bbox 314 1967 1506 2050; baseline 0.004 -20"><span class='ocrx_word' id='word_1_118' title='bbox 314 1969 473 2043; x_wconf 84' lang='lat' dir='ltr'>cidit,</span> <span class='ocrx_word' id='word_1_119' title='bbox 507 1967 656 2029; x_wconf 87' lang='lat' dir='ltr'>unde</span> <span class='ocrx_word' id='word_1_120' title='bbox 683 1968 866 2050; x_wconf 79' lang='lat' dir='ltr'>plures</span> <span class='ocrx_word' id='word_1_121' title='bbox 897 1985 1083 2045; x_wconf 83' lang='lat' dir='ltr'>erant,</span> <span class='ocrx_word' id='word_1_122' title='bbox 1110 1990 1308 2031; x_wconf 81' lang='lat' dir='ltr'>omnes</span> <span class='ocrx_word' id='word_1_123' title='bbox 1327 1971 1506 2036; x_wconf 70' lang='lat' dir='ltr'>fiaere.</span> 
     </span>
     <span class='ocr_line' id='line_1_23' title="bbox 316 2055 1511 2135; baseline 0.003 -18"><span class='ocrx_word' id='word_1_124' title='bbox 316 2061 483 2117; x_wconf 63' lang='lat' dir='ltr'>nodie</span> <span class='ocrx_word' id='word_1_125' title='bbox 522 2075 661 2135; x_wconf 86' lang='lat' dir='ltr'>quae</span> <span class='ocrx_word' id='word_1_126' title='bbox 697 2055 962 2115; x_wconf 84' lang='lat' dir='ltr'>kalendas</span> <span class='ocrx_word' id='word_1_127' title='bbox 996 2059 1286 2133; x_wconf 77' lang='lat' dir='ltr'>januarias</span> <span class='ocrx_word' id='word_1_128' title='bbox 1323 2055 1511 2120; x_wconf 80' lang='lat' dir='ltr'>secuta</span> 
     </span>
     <span class='ocr_line' id='line_1_24' title="bbox 314 2142 1516 2224; baseline 0.002 -21"><span class='ocrx_word' id='word_1_129' title='bbox 314 2143 413 2219; x_wconf 88' lang='lat' dir='ltr'>est,</span> <span class='ocrx_word' id='word_1_130' title='bbox 447 2144 505 2202; x_wconf 90' lang='lat' dir='ltr'>in</span> <span class='ocrx_word' id='word_1_131' title='bbox 530 2142 807 2203; x_wconf 86' lang='lat' dir='ltr'>coloniam</span> <span class='ocrx_word' id='word_1_132' title='bbox 830 2142 1286 2222; x_wconf 85' lang='lat' dir='ltr'>Agrippinensem</span> <span class='ocrx_word' id='word_1_133' title='bbox 1308 2146 1516 2224; x_wconf 84' lang='lat' dir='ltr'>aquili-</span> 
     </span>
     <span class='ocr_line' id='line_1_25' title="bbox 313 2226 1508 2309; baseline -0.001 -17"><span class='ocrx_word' id='word_1_134' title='bbox 313 2230 398 2292; x_wconf 80' lang='lat' dir='ltr'>fer</span> <span class='ocrx_word' id='word_1_135' title='bbox 442 2245 670 2309; x_wconf 82' lang='lat' dir='ltr'>quartae</span> <span class='ocrx_word' id='word_1_136' title='bbox 710 2226 950 2307; x_wconf 79' lang='lat' dir='ltr'>legionis</span> <span class='ocrx_word' id='word_1_137' title='bbox 984 2230 1229 2309; x_wconf 84' lang='lat' dir='ltr'>epulanti</span> <span class='ocrx_word' id='word_1_138' title='bbox 1267 2228 1508 2292; x_wconf 76' lang='lat' dir='ltr'>Vitellio</span> 
     </span>
     <span class='ocr_line' id='line_1_26' title="bbox 314 2315 1504 2396; baseline 0.002 -20"><span class='ocrx_word' id='word_1_139' title='bbox 314 2320 564 2390; x_wconf 80' lang='lat' dir='ltr'>nuntiat,</span> <span class='ocrx_word' id='word_1_140' title='bbox 607 2317 626 2349; x_wconf 83' lang='lat'><em>⁴</em></span> <span class='ocrx_word' id='word_1_141' title='bbox 650 2331 901 2396; x_wconf 85' lang='lat' dir='ltr'>quartam</span> <span class='ocrx_word' id='word_1_142' title='bbox 925 2329 983 2373; x_wconf 90' lang='lat' dir='ltr'>et</span> <span class='ocrx_word' id='word_1_143' title='bbox 1008 2315 1504 2378; x_wconf 82' lang='lat' dir='ltr'>duodevicefimam</span> 
     </span>
     <span class='ocr_line' id='line_1_27' title="bbox 314 2399 1503 2481; baseline 0.001 -20"><span class='ocrx_word' id='word_1_144' title='bbox 314 2405 335 2439; x_wconf 87' lang='lat'>‘</span> <span class='ocrx_word' id='word_1_145' title='bbox 361 2402 630 2480; x_wconf 87' lang='lat' dir='ltr'>legiones,</span> <span class='ocrx_word' id='word_1_146' title='bbox 646 2402 905 2481; x_wconf 64' lang='lat' dir='ltr'>projectis</span> <span class='ocrx_word' id='word_1_147' title='bbox 920 2399 1127 2459; x_wconf 85' lang='lat' dir='ltr'>Galbae</span> <span class='ocrx_word' id='word_1_148' title='bbox 1142 2405 1503 2478; x_wconf 85' lang='lat' dir='ltr'>imaginibus,</span> 
     </span>
     <span class='ocr_line' id='line_1_28' title="bbox 312 2486 1506 2569; baseline 0.003 -24"><span class='ocrx_word' id='word_1_149' title='bbox 312 2486 335 2539; x_wconf 78' lang='lat'>‘-</span> <span class='ocrx_word' id='word_1_150' title='bbox 358 2490 420 2546; x_wconf 91' lang='lat' dir='ltr'>in</span> <span class='ocrx_word' id='word_1_151' title='bbox 444 2486 656 2550; x_wconf 82' lang='lat' dir='ltr'>senatus</span> <span class='ocrx_word' id='word_1_152' title='bbox 676 2501 735 2557; x_wconf 80' lang='lat' dir='ltr'>et</span> <span class='ocrx_word' id='word_1_153' title='bbox 753 2486 942 2569; x_wconf 75' lang='lat' dir='ltr'>populi</span> <span class='ocrx_word' id='word_1_154' title='bbox 959 2489 1198 2548; x_wconf 81' lang='lat' dir='ltr'>Romani</span> <span class='ocrx_word' id='word_1_155' title='bbox 1221 2490 1387 2553; x_wconf 69' lang='lat' dir='ltr'>verba</span> <span class='ocrx_word' id='word_1_156' title='bbox 1404 2489 1506 2567; x_wconf 84' lang='lat' dir='ltr'>ju-</span> 
     </span>
    </p>
   </div>
   <div class='ocr_carea' id='block_1_4' title="bbox 1715 643 1722 680">
    <p class='ocr_par' dir='ltr' id='par_1_4' title="bbox 1715 643 1722 680">
     <span class='ocr_line' id='line_1_29' title="bbox 1715 643 1722 680; baseline 0 0"><span class='ocrx_word' id='word_1_157' title='bbox 1715 643 1722 680; x_wconf 74' lang='lat' dir='ltr'>i</span> 
     </span>
    </p>
   </div>
  </div>
 </body>
</html>
