1759 2975
336 142 909 186 urs-romanum
944 140 1073 184 ιη.
1101 140 1178 183 ιι.
1264 140 1386 205 143

152 262 157 266 ·
186 223 461 285 militibus
476 246 607 286 vera
618 223 721 286 ess'e
735 244 875 303 quae
885 220 1270 284 afferebantur.
1296 225 1384 282 in·

188 308 456 371 tendebat
477 308 849 382 formidinem,
861 309 1013 389 quod
1031 311 1232 388 publici
1250 303 1400 370 con?

185 394 295 455 mii
309 393 471 465 facie,
484 393 1017 477 disoeffannstm,
1030 395 1381 476 desertaeque

189 494 387 561 partes
419 480 624 542 forent.
669 503 781 545 nec
808 480 955 544 ultra
983 482 1046 544 in
1083 480 1378 544 commune

188 568 481 644 congressi,
515 566 611 628 fibi
632 567 858 647 quisque
878 567 1233 643 consuluere;
1274 568 1379 629 do·

187 673 301 714 nec
313 652 496 714 miffae
508 675 542 716 a
555 655 726 714 Fabio
740 654 979 715 Valente
990 654 1267 734 epistolae,
1282 654 1378 715 de·

187 756 402 800 merent
430 758 659 802 metum.
701 756 758 801 et
787 760 940 801 mors
965 742 1231 816 Othonis,
1260 760 1387 820 quo·

98 834 134 893 5
149 834 181 892 5
196 824 556 900 laudabilior,
598 848 669 886 eo
711 826 962 894 velocius
1004 826 1209 886 audita.
1299 831 1381 886 At

191 916 409 972 Romae
424 914 567 972 nihil
581 911 964 988 trepidationis
979 930 997 969 z
1028 910 1280 969 Cereales
1296 913 1381 971 lu·

188 995 255 1056 di
276 1016 349 1056 ex
362 1016 518 1057 more
532 995 927 1075 spectabantur,
943 1009 1006 1054 ut
1025 994 1043 1026 ‘
1055 993 1248 1055 cessiss‘e
1266 999 1382 1058 vita

187 1081 211 1115 ‘
236 1084 514 1142 Othonem
522 1124 542 1156 ,
556 1097 612 1141 et
627 1103 658 1141 a
673 1081 866 1144 Flavio
876 1083 1086 1141 Sabino
1107 1080 1377 1160 praefecto

189 1166 211 1200 ‘
235 1169 403 1243 urbis,
419 1168 572 1247 quod
586 1185 698 1228 erat
715 1170 773 1226 in
790 1169 930 1228 urbe.
945 1166 1180 1230 militum
1197 1166 1371 1230 {acra—

187 1253 209 1287 ‘
232 1270 425 1315 mento
435 1254 647 1314 Vitellii
669 1253 957 1327 adaman}
974 1255 1104 1314 certi
1124 1258 1371 1318 auctores

187 1341 246 1400 in
273 1344 543 1401 theatrum
571 1340 896 1414 attulerunt,
913 1338 1141 1399 Vitellio
1165 1339 1369 1417 plause-

183 1445 273 1487 ret
306 1425 570 1508 populus,
580 1446 706 1488 cum
722 1425 873 1484 lauru
894 1446 958 1483 ac
974 1426 1372 1500 floribus,Gal·

183 1513 285 1572 bae
307 1515 570 1589 imagines
592 1514 798 1571 circum
820 1512 1019 1588 templa
1049 1511 1199 1581 tulit,
1229 1532 1370 1570 con·

183 1595 346 1672 gestis
381 1598 439 1655 in
469 1596 695 1655 modum
725 1594 921 1655 tumuli
959 1597 1184 1652 coronis
1205 1594 1373 1670 juxta

185 1681 364 1741 lacum
382 1683 585 1753 Curtii,
609 1699 772 1759 quem
797 1678 983 1739 locum
1001 1678 1174 1738 Galba
1196 1683 1369 1740 mori-

185 1787 289 1827 ens
312 1766 572 1845 sanguine
587 1765 865 1827 infecerat.
905 1768 961 1824 in
981 1763 1190 1841 senam,
1205 1786 1367 1826 cunc-

186 1867 240 1912 ta
262 1852 443 1931 longis
464 1854 697 1916 aliorum
722 1853 1115 1931 principatibus
1138 1872 1369 1934 compo·

185 1938 301 2014 fita,
322 1937 499 1999 statim
525 1939 913 1999 decernuntur.
958 1937 1177 1998 additae
1202 1938 1363 2018 ‘erga

189 2029 207 2057 ‘
237 2026 595 2086 Germanicos
634 2025 905 2084 exercitus
931 2023 1115 2085 laudes
1157 2024 1360 2102 grates·

187 2110 208 2144 ‘
230 2114 375 2189 que,’
390 2126 445 2169 et
459 2110 609 2171 miffa
624 2111 847 2188 legatio,
862 2131 1005 2188 quae
1018 2111 1221 2188 gaudio
1235 2110 1362 2170 sun-

187 2211 419 2273 geretur.
461 2200 716 2261 recitatae
750 2197 903 2254 Fabii
936 2197 1191 2255 Valentis
1227 2193 1365 2273 epis·

187 2284 328 2342 tolae
350 2282 416 2341 ad
449 2282 693 2343 consules
717 2280 965 2361 scriptae,
989 2274 1133 2340 baud
1167 2283 1367 2339 immo-

186 2367 424 2428 deratae:
459 2372 667 2447 gratior
684 2370 952 2429 Caecinae
965 2363 1224 2427 modestia
1239 2363 1365 2432 fuit,

108 2453 343 2534 56quod
376 2473 495 2517 non
531 2450 837 2537 scripfiffet„
922 2459 1175 2513 Ceterum
1207 2447 1365 2510 ltalia
