1759 2975
380 89 1206 158 msroataavmmnn.
1301 110 1386 190 47

206 196 310 256 hoc
340 212 552 256 tantum
575 196 775 275 majori
807 195 963 255 fratri
988 195 1257 277 praelatus
1279 193 1352 259 est
1367 237 1388 275 ,

211 298 263 341 ut
284 285 430 363 prior
462 283 821 342 occideretur.
875 287 956 341 T.
1000 284 1195 343 Vinius
1219 286 1385 364 quin·

209 372 465 447 quaginta
495 366 696 448 septem
731 386 912 449 annos
947 370 1111 429 variis
1137 369 1385 432 moribus

205 458 336 532 egit.
385 453 634 531 patei-illi
663 474 693 513 e
723 456 997 533 praetoria
1017 453 1240 531 familia,
1272 477 1387 517 ma·

205 557 399 602 ternus
420 560 556 600 avus
572 561 601 597 e
622 539 962 620 proscriptis.
1006 543 1181 620 prima
1196 542 1390 604 militia

204 626 444 701 infamis,
465 626 698 705 legatum
716 625 1006 687 Calvifium
1024 629 1285 689 Sabinum
1299 630 1395 689 ba-

206 716 432 776 buernte
470 714 628 792 cujus
651 734 797 774 uxor
812 758 832 790 ,
859 713 1000 772 mala
1025 715 1280 795 cupidine
1304 719 1390 776 vi-

204 799 354 862 sendi
377 800 535 862 litum
558 798 859 862 castrorum
877 841 897 869 ,
928 820 1026 879 per
1054 806 1271 861 noetem
1286 803 1391 861 mi·

203 883 353 949 litari
367 889 559 946 habitu
575 883 830 963 ingress'a,
855 905 980 946 cum
995 887 1213 960 vigilias
1236 900 1291 946 et
1305 906 1395 947 ce·

204 989 329 1035 tera
344 973 577 1034 militiae
596 973 781 1030 munia
795 969 979 1028 eadem
996 967 1210 1032 lascivia
1227 985 1396 1032 teme·

204 1058 376 1120 raffet
395 1101 415 1129 ,
439 1059 497 1116 in
514 1054 638 1137 ipfis
667 1056 951 1138 principiis
973 1054 1215 1137 stuprum
1238 1056 1396 1136 ausa,

202 1160 264 1205 et
283 1146 532 1206 criminis
556 1146 721 1221 hujus
738 1164 861 1203 reus
878 1149 963 1202 T.
981 1146 1115 1203 Vini
1122 1165 1184 1204 us
1200 1165 1394 1225 argue·-

202 1231 390 1294 batur.
433 1233 602 1310 igitur
617 1228 761 1309 juffu
784 1235 853 1291 C.
876 1229 1116 1291 Caesaris
1135 1246 1397 1293 oneratus

202 1320 450 1393 catenis;
478 1338 615 1379 mox
636 1320 942 1378 mutatione
974 1332 1282 1397 temporum
1314 1319 1399 1379 di·

203 1405 419 1479 missus,
445 1403 599 1466 cursu
626 1407 903 1464 honorum
929 1402 1204 1465 inoffenso
1222 1449 1240 1481 ‚
1265 1405 1396 1483 legi·

202 1497 303 1555 oni
335 1491 454 1575 post
470 1507 773 1572 praeturam
799 1489 1135 1569 praepolitus
1155 1533 1173 1559 ,
1197 1495 1397 1569 proba·

202 1577 438 1658 tusque;
471 1575 654 1637 servili
676 1575 935 1653 deinceps
965 1577 1169 1653 probro
1195 1574 1399 1656 resper-

203 1664 299 1726 sus
320 1662 394 1724 est
415 1707 432 1732 ,
469 1677 750 1741 tamquam
786 1660 1050 1740 scyphum
1083 1681 1306 1722 aureum
1341 1663 1401 1722 in

206 1752 481 1814 convivio
511 1747 723 1807 Claudii
755 1747 1007 1806 furatus:
1046 1762 1104 1806 et
1139 1748 1400 1809 Claudius

205 1835 422 1918 postera
441 1834 527 1894 die
548 1832 641 1894 soli
663 1836 915 1895 omnium
938 1835 1115 1893 Vinio
1141 1834 1397 1896 fistilibus

204 1921 499 1986 ministrari
518 1921 686 2000 juffit.
744 1919 830 1980 sed
859 1922 1063 1979 Vinius
1092 1920 1395 2003 proconsu-

208 2008 325 2070 latu
348 2007 578 2067 Galliam
600 2006 1011 2067 Narbonensem
1041 2006 1222 2067 severe
1256 2012 1400 2068 inte·

211 2115 422 2175 greque
436 2096 602 2163 rexit3
621 2112 758 2153 mox
770 2093 977 2152 Galbae
986 2096 1225 2155 amicitia
1239 2098 1295 2154 in
1312 2099 1404 2155 ab·

216 2196 445 2261 ruptum
462 2184 687 2253 tractus,
702 2179 901 2248 audax,
917 2177 1168 2249 callidus,
1189 2200 1412 2262 promp-

216 2282 332 2336 tus,
371 2281 426 2325 et
458 2279 623 2346 prout
645 2269 889 2325 animum
913 2265 1243 2336 intendisset,
1282 2282 1406 2345 pra·

214 2373 322 2414 vus
343 2366 435 2411 aut
454 2351 742 2413 industrius
764 2395 782 2421 ,
804 2352 988 2411 eadem
1006 2353 1084 2412 vi.
1130 2352 1410 2410 testamen·

214 2453 337 2503 tum
365 2445 445 2502 T.
471 2441 630 2503 Vinii
660 2438 1036 2518 magnitudine
1070 2456 1244 2517 opum
1287 2435 1409 2493 irri-
