1759 2975
21 2116 49 2297 r-—·‘†⁴

22 2500 25 2511 -
22 2442 31 2477 -r

346 137 935 198 uis-romanum
968 145 1208 191 nunt.
1312 131 1439 206 109

247 239 499 314 irritabat
520 236 659 314 quin
682 237 845 292 etiam
867 238 1105 293 Batavos
1127 230 1436 290 Transrhe-

251 322 534 399 nanosque
580 324 759 379 Padus
802 317 957 396 ipse:
1014 338 1178 396 quem
1223 334 1448 398 repente

255 423 457 469 contra
500 406 832 464 Placentiam
877 404 1174 481 transgressi
1198 448 1217 480 ,
1268 407 1444 484 raptis

263 491 584 573 quibusdam
614 491 1055 569 exploratoribus
1074 535 1092 561 ‚
1130 493 1206 549 ita
1229 507 1448 551 ceteroe

265 595 520 653 terruere,
538 592 598 635 ut
614 576 633 606 ‘
645 575 815 636 adeffe
830 597 1053 635 omnem
1072 579 1336 636 Caecinae
1345 596 1448 635 ex-

267 668 540 725 *ercitum
587 664 782 745 trepidi
821 685 888 722 ac
921 663 1036 722 falfi
1080 665 1456 723 nuntiarent-⁸

183 770 208 815 ι
225 754 258 812 8
273 757 494 811 Certum
511 767 631 809 erat
643 749 1029 831 spurinnae<is
1050 752 1200 808 enim
1222 751 1449 808 Placen-

264 841 400 899 tiam
430 839 748 911 obtinebat)
775 835 1011 894 necdum
1040 834 1241 892 veniffe
1265 837 1456 892 Caeci·

271 946 425 994 nant,
455 937 509 979 et
532 921 569 980 fi
596 924 1013 998 propinquaret,
1036 922 1290 978 coe'rcere
1315 922 1463 979 intra

273 1010 618 1069 munimenta
635 1006 888 1077 militem,
912 1025 1015 1062 nec
1033 1006 1131 1063 tris
1156 1007 1461 1084 praetorias

276 1097 560 1163 cohortes,
585 1108 641 1151 et
667 1091 814 1150 mille
837 1090 1151 1152 vexillarios
1174 1113 1297 1151 curn
1324 1113 1460 1172 pau-

276 1183 358 1242 cis
393 1180 691 1259 equithus,
728 1194 991 1237 veterano
1018 1181 1282 1240 exercitui
1316 1179 1461 1255 obji-

276 1288 421 1327 cere.
469 1264 558 1325 sed
592 1265 901 1324 indomitus
924 1265 1106 1340 miles»,
1142 1283 1198 1325 et
1221 1267 1351 1325 belli
1381 1268 1468 1345 ig-

278 1375 468 1423 narus»,
484 1355 749 1430 correptis
768 1351 802 1410 fi
807 1356 931 1428 gnis
947 1352 1267 1432 vexillisque
1289 1373 1468 1425 ruere,

279 1457 337 1501 et
358 1441 627 1500 retinenti
647 1438 772 1498 duci
813 1439 917 1497 tela
949 1440 1245 1512 intentare,
1277 1437 1469 1516 spretis

284 1527 701 1587 centurionibus
748 1523 1091 1600 tribunisque
1132 1525 1151 1555 ‘
1181 1524 1475 1601 providen-

289 1619 307 1644 ‘
334 1616 465 1670 tiam
489 1611 670 1669 ducis'
697 1609 1072 1676 laudantibus,
1096 1611 1230 1686 quin
1262 1610 1476 1687 ‘prodi-

293 1703 310 1730 ‘
341 1699 574 1770 tionem,
597 1710 653 1753 et
680 1697 915 1754 accitum
940 1695 1226 1754 Caecinam
1243 1698 1257 1722 '
1288 1697 1475 1755 clami-

291 1785 501 1845 tabant.
564 1781 628 1840 fit
671 1783 987 1841 temeritatis
1029 1782 1243 1842 alienae
1290 1804 1476 1845 comes

288 1871 585 1948 Spurinna,
615 1869 792 1948 primo
813 1873 1057 1943 coactus,
1082 1890 1218 1930 mox
1242 1871 1382 1930 velle
1411 1872 1478 1932 fi·

291 1957 538 2029 mulam,
586 1976 701 2033 quo
744 1954 867 2034 plus
911 1960 1249 2016 auctoritatis
1289 1958 1478 2019 ineffet

215 2069 238 2111 ι
252 2043 563 2130 9confiliis,
580 2042 616 2100 fi
634 2042 825 2101 seditio
842 2039 1159 2103 mitesceret.
1194 2045 1482 2124 Postquam

296 2135 357 2190 in
393 2128 679 2207 conspectu
703 2130 904 2199 Padus,
944 2145 1001 2187 et
1031 2150 1148 2188 nox
1178 2135 1486 2210 appetebat,

293 2215 486 2277 vallati
525 2214 691 2274 castra
729 2216 952 2294 placuit.
998 2218 1044 2273 is
1080 2215 1236 2275 labor
1268 2221 1486 2274 urbano

296 2302 460 2364 militi
492 2300 742 2360 insolitus
780 2301 1036 2361 contudit
1073 2304 1314 2361 animos.
1362 2315 1483 2357 tum

297 2385 703 2450 vecordiffimus
727 2386 953 2466 quisque
974 2386 1229 2464 castigare
1259 2386 1276 2416 ‘
1296 2383 1486 2442 credu-

302 2475 323 2513 ‘
346 2475 567 2555 litatem=
591 2472 759 2553 suam,
784 2489 993 2536 metum
1016 2494 1081 2534 ac
1097 2470 1385 2535 discrimen
1406 2469 1492 2532 os·
