1759 2975
307 94 447 185 236
529 108 1009 164 &conuenit
1044 120 1343 187 τᾼειτι

303 203 519 261 cuniam
538 217 630 260 aut
652 201 986 262 frumentum
1002 194 1389 282 providerant:
1437 218 1502 262 et

300 287 575 347 festinatio
606 303 767 366 atque
791 289 1023 347 aviditas
1049 287 1494 368 praepediebant,

302 372 434 432 dum
464 392 603 451 quae
636 375 810 452 accipi
849 389 1137 452 poterant,
1175 375 1486 454 rapiuntur.

302 459 695 517 Celeberrimos
740 465 983 518 auctores
1014 463 1188 518 habeo
1209 503 1226 533 ,
1272 474 1480 535 tantam
1497 480 1530 537 ς
1557 481 1585 523 t

298 545 597 604 viantibus
622 543 874 604 adversus
901 545 978 604 fas
1002 543 1260 624 nefasque
1283 549 1492 605 irreve-

297 625 529 688 rentiam
554 629 728 704 fuisse,
750 646 811 690 ut
833 632 1108 709 gregarius
1131 651 1317 710 eques,
1341 631 1490 690 occi·

237 782 260 793 p
300 713 416 775 sum
441 737 468 773 a
489 713 539 774 se
556 720 805 794 proxima
829 718 942 776 acie
966 718 1180 776 fratrem
1199 715 1486 796 profeffus,

300 802 601 879 praemium
615 825 644 860 a
661 802 888 862 ducibus
903 806 1133 881 petierit.
1161 802 1381 861 necillis
1394 818 1492 861 aut

300 889 577 947 honorare
600 909 717 948 eam
747 890 987 964 caedem,
1023 890 1116 966 jus
1154 892 1481 947 hominum·
1464 933 1483 960 ,

299 989 396 1032 aut
412 972 616 1048 ulcisci,
628 978 767 1034 ratio
780 976 907 1034 beni
928 976 1293 1053 permittebat.
1320 973 1491 1033 distua

297 1058 471 1117 lerant
492 1075 767 1138 tamquam
794 1062 1001 1136 majora
1018 1063 1293 1132 meritum,
1318 1079 1486 1139 quam

298 1163 440 1222 quae
476 1142 651 1202 statim
684 1142 1139 1216 exsolverentur-3
1181 1165 1285 1207 nec
1323 1138 1533 1224 quid·

299 1248 461 1306 quam
487 1231 625 1287 ultra
643 1229 898 1288 traditur.
946 1244 1182 1290 ceterum
1205 1247 1270 1290 et
1285 1232 1486 1310 priori·

301 1315 406 1372 bus
425 1315 626 1373 civium
649 1301 829 1389 bellis,
860 1334 956 1394 par
980 1313 1150 1381 scelus
1179 1316 1442 1375 inciderat
1463 1339 1482 1387 ς

298 1420 427 1459 nam
444 1394 673 1479 proei‘m,
692 1421 806 1480 quo
815 1400 1273 1482 apudJanieul’um
1289 1402 1489 1461 δάνει’-ι’

297 1483 413 1546 sum
430 1491 665 1547 Cinnam
685 1505 991 1567 pugnatum
1007 1488 1101 1563 est,
1119 1489 1483 1567 Pompejanus

298 1573 455 1633 miles
478 1573 698 1634 fratrem
725 1573 901 1649 suum,
943 1574 1068 1635 dein
1092 1577 1323 1651 cognito
1348 1574 1484 1635 faci·

297 1679 455 1733 nore,
477 1659 717 1740 seipsum
740 1660 1038 1735 interfecit,
1057 1677 1117 1720 ut
1131 1658 1348 1720 Sisenna
1368 1673 1483 1720 me·

298 1762 495 1819 morat,
519 1761 680 1805 tanto
704 1750 882 1806 aerior
900 1748 1041 1826 apud
1066 1748 1327 1825 majores,
1348 1746 1482 1807 ficut

298 1831 595 1889 virtutibus
614 1832 811 1908 gloria,
829 1835 902 1893 ita
921 1834 1135 1911 flagitiis
1148 1834 1480 1912 poenitenti-t

296 1915 418 1973 fiait.
469 1914 559 1975 sed
582 1919 714 1977 haec
742 1919 954 1997 aliaque
976 1940 1048 1978 ex
1071 1922 1240 1978 veteri
1267 1939 1478 1978 memo·

296 2003 374 2058 ria
393 2003 585 2079 petita,
615 2004 868 2080 quotiens
899 2024 984 2063 res
1007 2003 1266 2084 locusque
1289 2021 1477 2063 exem·

295 2084 385 2164 pla
410 2089 559 2155 roffi,
583 2102 676 2146 aut
706 2084 891 2148 solatia
916 2091 1040 2148 mali
1064 2089 1308 2170 poscent,
1332 2091 1479 2150 haud

293 2170 519 2231 absurde
544 2176 982 2234 memorabimus.
1039 2179 1294 2235 Antonio
1316 2175 1471 2237 duci·
1487 2195 1569 2253 52

294 2257 499 2336 busque
513 2261 771 2338 partium,
787 2262 806 2290 ‘
820 2264 1094 2341 praemitti
1106 2263 1341 2340 equites,
1354 2279 1479 2320 om*

294 2343 313 2373 ‘
339 2364 575 2423 nemque
597 2349 874 2406 Umbriam
897 2349 1172 2426 explorari
1196 2348 1422 2426 placuit,
1438 2347 1483 2408 fi‘

289 2431 309 2459 ‘
335 2446 442 2506 qua
467 2433 746 2510 Apennini
762 2431 1236 2512 juga-clementius
1260 2432 1480 2493 adiren-
