1759 2975
356 171 402 233 4
549 169 611 214 e.
644 169 1033 214 cos-unu
1072 170 1363 215 raon-r

349 257 617 334 lignitati'
637 254 767 316 falsa
814 255 1020 336 species
1064 256 1333 318 libertatis
1384 256 1534 322 inest.

351 345 488 404 mihi
506 342 700 415 Galba,
739 347 914 418 othe,
934 343 1219 418 Vitellius,
1248 365 1350 405 nec
1370 347 1538 405 benc-

349 428 478 489 ficio
493 450 594 489 nec
609 430 808 507 injuria
822 430 1055 507 cogniti.
1069 430 1393 508 dignitatem
1410 430 1542 492 nos-

351 533 488 577 tram
524 513 918 594 a.Vcspafian›o
947 518 1293 593 inchoatam,
1327 533 1361 576 a·
1391 521 1538 579 Tito

349 606 578 675 auctam,
591 623 622 660 a
635 604 963 661 Domitiano
978 602 1203 680 longius
1220 608 1537 683 provectam

350 710 473 751 non
504 691 821 761 abnuerim·
851 686 939 748 sed
970 689 1349 769 incorruptam
1371 689 1536 753 fidem

349 774 618 862 profestis,
633 795 813 856 neque
828 794 1015 835 amore
1029 772 1339 854 quisquam,
1353 792 1409 835 et
1419 775 1538 837 fine

348 862 484 925 odio
511 861 779 922 dicendus
800 861 899 922 est.
960 860 1114 941 quod
1137 860 1176 920 fi
1205 862 1320 923 vita
1343 861 1537 943 suppec-

348 950 509 1023 ditet,
535 950 907 1029 principatum
929 947 1048 1008 divi
1079 952 1313 1023 Nervae,
1343 964 1399 1007 et
1430 952 1535 1010 im·

348 1036 561 1118 perium
579 1035 842 1112 Trajani,
861 1036 1165 1093 uberiorem
1182 1032 1533 1095 lecuriorem·

348 1141 460 1201 que
497 1124 775 1182 materiam
824 1119 1080 1179 senectuti
1122 1118 1366 1200 seposui3
1409 1141 1534 1182 rara

347 1224 663 1288 temporum
692 1205 984 1279 felicitate,
1023 1207 1117 1265 ubi
1155 1203 1355 1268 sentire
1389 1228 1536 1289 quae

347 1295 730 1372 velis,etquae
742 1291 943 1352 sentias
954 1289 1290 1352 dicerelicet.
1380 1301 1577 1375 Opusz

346 1381 638 1466 aggredior
657 1381 906 1459 opimum
937 1377 1163 1453 cafibus,
1186 1395 1350 1439 atrox
1372 1400 1533 1461 proe-

346 1468 462 1543 liis,
490 1457 697 1528 discors
716 1464 1098 1567 seditionibus,
1122 1462 1233 1568 ipsa
1252 1467 1418 1526 etium
1437 1489 1536 1568 pa-

343 1574 408 1616 ce
432 1554 669 1615 saevum.
715 1568 958 1632 quatuor
978 1555 1256 1631 principes
1273 1552 1457 1614 ferro’
1445 1575 1534 1614 m·

343 1642 622 1720 terempti.
686 1642 790 1699 tria
813 1639 956 1698 bella
993 1638 1177 1697 civilia
1195 1682 1214 1712 ,
1254 1639 1411 1718 plura
1433 1660 1533 1700 ex·

345 1743 525 1802 terna,
548 1747 612 1784 ac
627 1726 950 1805 plerumque
977 1726 1267 1804 permixta.
1311 1722 1536 1806 prospe·

344 1833 439 1873 rae
470 1815 529 1872 in
565 1814 823 1882 Orienteg
867 1809 1119 1869 adversae
1150 1814 1210 1869 in
1230 1811 1535 1872 Occidente

343 1919 456 1959 res.
522 1899 798 1959 turbatum
830 1896 1145 1976 Illyricum3
1188 1896 1397 1957 Galliae
1424 1919 1533 1957 nu·

345 2000 569 2055 tantes;
610 1982 916 2062 perdomita
945 1983 1255 2058 Britannia,
1281 1999 1337 2043 et
1353 1982 1533 2045 statim

344 2070 532 2142 miffa;
571 2085 797 2130 coortae
827 2071 885 2126 in
925 2089 1033 2128 nos
1070 2077 1437 2129 Sarmatarum
1467 2091 1538 2130 ac

343 2163 645 2216 Suevorum
676 2171 895 2233 gentes,
933 2155 1255 2214 nobilitatus
1280 2155 1534 2216 cladibus

344 2245 554 2304 mutuis
575 2249 783 2301 Dacus
831 2256 983 2300 mota
1013 2240 1178 2300 etiam
1198 2260 1372 2320 prope
1400 2249 1534 2301 Par-

346 2331 566 2389 thorum
579 2348 729 2389 arma
740 2325 852 2387 falfi
859 2329 1107 2386 Neronis
1122 2326 1383 2386 ludibrio.
1412 2326 1536 2405 jam

344 2435 483 2476 vero
507 2415 666 2476 Italia
686 2416 851 2475 novis
867 2412 1132 2488 cladibus,
1154 2410 1243 2472 vel
1260 2411 1380 2493 post
1401 2414 1532 2473 lon·

339 2521 467 2579 gam
485 2499 821 2567 sacculorum
837 2497 1026 2563 seriem
1039 2501 1302 2582 repetitis,
1313 2498 1530 2564 afflicta.

1747 841 1750 930 4

1735 969 1751 1362 1
