<?xml version="1.0" encoding="UTF-8"?>
<!DOCTYPE html PUBLIC "-//W3C//DTD XHTML 1.0 Transitional//EN"
    "http://www.w3.org/TR/xhtml1/DTD/xhtml1-transitional.dtd">
<html xmlns="http://www.w3.org/1999/xhtml" xml:lang="en" lang="en">
 <head>
  <title>
</title>
<meta http-equiv="Content-Type" content="text/html;charset=utf-8" />
  <meta name='ocr-system' content='tesseract 3.04.00' />
  <meta name='ocr-capabilities' content='ocr_page ocr_carea ocr_par ocr_line ocrx_word'/>
</head>
<body>
  <div class='ocr_page' id='page_1' title='image "./ccorneliitaciti04grongoog_0020.png"; bbox 0 0 1759 2975; ppageno 0'>
   <div class='ocr_carea' id='block_1_1' title="bbox 304 151 1572 1611">
    <p class='ocr_par' dir='ltr' id='par_1_1' title="bbox 304 151 1572 1611">
     <span class='ocr_line' id='line_1_1' title="bbox 311 151 1300 202; baseline -0.008 -1"><span class='ocrx_word' id='word_1_1' title='bbox 311 155 392 202; x_wconf 77' lang='grc' dir='ltr'>ιο</span> <span class='ocrx_word' id='word_1_2' title='bbox 491 154 550 197; x_wconf 87' lang='lat' dir='ltr'>c.</span> <span class='ocrx_word' id='word_1_3' title='bbox 587 154 976 198; x_wconf 69' lang='lat' dir='ltr'>comunt</span> <span class='ocrx_word' id='word_1_4' title='bbox 1011 151 1300 195; x_wconf 60' lang='lat' dir='ltr'>raeiri</span> 
     </span>
     <span class='ocr_line' id='line_1_2' title="bbox 304 233 1496 311; baseline -0.005 -15"><span class='ocrx_word' id='word_1_5' title='bbox 304 235 578 296; x_wconf 76' lang='lat' dir='ltr'>rantibus.</span> <span class='ocrx_word' id='word_1_6' title='bbox 633 249 687 292; x_wconf 81' lang='lat' dir='ltr'>et</span> <span class='ocrx_word' id='word_1_7' title='bbox 719 235 810 293; x_wconf 85' lang='lat' dir='ltr'>hic</span> <span class='ocrx_word' id='word_1_8' title='bbox 832 233 1056 311; x_wconf 87' lang='lat' dir='ltr'>quidem</span> <span class='ocrx_word' id='word_1_9' title='bbox 1085 238 1320 307; x_wconf 67' lang='lat' dir='ltr'>Romae,</span> <span class='ocrx_word' id='word_1_10' title='bbox 1350 239 1496 290; x_wconf 74' lang='lat' dir='ltr'>tam·</span> 
     </span>
     <span class='ocr_line' id='line_1_3' title="bbox 306 318 1500 402; baseline -0.003 -23"><span class='ocrx_word' id='word_1_11' title='bbox 306 337 475 402; x_wconf 80' lang='lat' dir='ltr'>quam</span> <span class='ocrx_word' id='word_1_12' title='bbox 499 324 554 379; x_wconf 91' lang='lat' dir='ltr'>in</span> <span class='ocrx_word' id='word_1_13' title='bbox 576 334 725 380; x_wconf 83' lang='lat' dir='ltr'>tanta</span> <span class='ocrx_word' id='word_1_14' title='bbox 741 319 1115 393; x_wconf 84' lang='lat' dir='ltr'>multitudine,</span> <span class='ocrx_word' id='word_1_15' title='bbox 1134 319 1354 378; x_wconf 74' lang='lat' dir='ltr'>habitus</span> <span class='ocrx_word' id='word_1_16' title='bbox 1371 318 1500 377; x_wconf 55' lang='lat' dir='ltr'>ania</span> 
     </span>
     <span class='ocr_line' id='line_1_4' title="bbox 308 401 1572 486; baseline -0.006 -15"><span class='ocrx_word' id='word_1_17' title='bbox 308 427 527 471; x_wconf 73' lang='lat' dir='ltr'>morum</span> <span class='ocrx_word' id='word_1_18' title='bbox 550 405 675 467; x_wconf 88' lang='lat' dir='ltr'>fuit.</span> <span class='ocrx_word' id='word_1_19' title='bbox 747 426 778 464; x_wconf 90' lang='lat' dir='ltr'>e</span> <span class='ocrx_word' id='word_1_20' title='bbox 810 407 1115 486; x_wconf 86' lang='lat' dir='ltr'>provinciis</span> <span class='ocrx_word' id='word_1_21' title='bbox 1131 447 1152 481; x_wconf 89' lang='lat'>,</span> <span class='ocrx_word' id='word_1_22' title='bbox 1205 401 1502 485; x_wconf 71' lang='lat' dir='ltr'>Hispsniae</span> <span class='ocrx_word' id='word_1_23' title='bbox 1566 407 1572 413; x_wconf 80' lang='grc'><strong><em>’</em></strong></span> 
     </span>
     <span class='ocr_line' id='line_1_5' title="bbox 309 489 1502 577; baseline -0.005 -23"><span class='ocrx_word' id='word_1_24' title='bbox 309 507 556 577; x_wconf 74' lang='lat' dir='ltr'><strong>praeerat</strong></span> <span class='ocrx_word' id='word_1_25' title='bbox 594 493 827 552; x_wconf 82' lang='lat' dir='ltr'>Cluvius</span> <span class='ocrx_word' id='word_1_26' title='bbox 857 492 1059 565; x_wconf 81' lang='lat' dir='ltr'>Rufus,</span> <span class='ocrx_word' id='word_1_27' title='bbox 1097 494 1186 551; x_wconf 85' lang='lat' dir='ltr'>vir</span> <span class='ocrx_word' id='word_1_28' title='bbox 1205 489 1502 563; x_wconf 84' lang='lat' dir='ltr'>facundus,</span> 
     </span>
     <span class='ocr_line' id='line_1_6' title="bbox 313 575 1502 659; baseline -0.005 -18"><span class='ocrx_word' id='word_1_29' title='bbox 313 597 370 641; x_wconf 84' lang='lat' dir='ltr'>et</span> <span class='ocrx_word' id='word_1_30' title='bbox 387 582 537 659; x_wconf 87' lang='lat' dir='ltr'>pacis</span> <span class='ocrx_word' id='word_1_31' title='bbox 554 581 782 652; x_wconf 80' lang='lat' dir='ltr'>artibus,</span> <span class='ocrx_word' id='word_1_32' title='bbox 806 579 961 639; x_wconf 86' lang='lat' dir='ltr'>bellis</span> <span class='ocrx_word' id='word_1_33' title='bbox 977 582 1323 658; x_wconf 76' lang='lat' dir='ltr'>inexpertus.</span> <span class='ocrx_word' id='word_1_34' title='bbox 1364 575 1502 637; x_wconf 84' lang='lat' dir='ltr'><strong>Gal·</strong></span> 
     </span>
     <span class='ocr_line' id='line_1_7' title="bbox 316 662 1501 745; baseline -0.005 -17"><span class='ocrx_word' id='word_1_35' title='bbox 316 666 441 741; x_wconf 82' lang='lat' dir='ltr'>liae,</span> <span class='ocrx_word' id='word_1_36' title='bbox 467 666 624 745; x_wconf 80' lang='lat' dir='ltr'>super</span> <span class='ocrx_word' id='word_1_37' title='bbox 639 667 964 726; x_wconf 80' lang='lat' dir='ltr'>memoriam</span> <span class='ocrx_word' id='word_1_38' title='bbox 981 664 1266 738; x_wconf 80' lang='lat' dir='ltr'>Vindicis,</span> <span class='ocrx_word' id='word_1_39' title='bbox 1285 662 1501 741; x_wconf 72' lang='lat' dir='ltr'>obliga-</span> 
     </span>
     <span class='ocr_line' id='line_1_8' title="bbox 317 751 1504 823; baseline -0.005 -9"><span class='ocrx_word' id='word_1_40' title='bbox 317 768 407 814; x_wconf 74' lang='lat' dir='ltr'>tae</span> <span class='ocrx_word' id='word_1_41' title='bbox 435 757 643 813; x_wconf 75' lang='lat' dir='ltr'>recenti</span> <span class='ocrx_word' id='word_1_42' title='bbox 666 753 821 812; x_wconf 91' lang='lat' dir='ltr'>dono</span> <span class='ocrx_word' id='word_1_43' title='bbox 841 758 1125 818; x_wconf 78' lang='lat' dir='ltr'>Romanae</span> <span class='ocrx_word' id='word_1_44' title='bbox 1147 751 1412 823; x_wconf 71' lang='lat' dir='ltr'>civitatis,</span> <span class='ocrx_word' id='word_1_45' title='bbox 1445 763 1504 809; x_wconf 85' lang='lat' dir='ltr'>et</span> 
     </span>
     <span class='ocr_line' id='line_1_9' title="bbox 317 837 1503 920; baseline -0.005 -19"><span class='ocrx_word' id='word_1_46' title='bbox 317 843 379 901; x_wconf 86' lang='lat' dir='ltr'>in</span> <span class='ocrx_word' id='word_1_47' title='bbox 411 839 684 920; x_wconf 86' lang='lat' dir='ltr'>posterum</span> <span class='ocrx_word' id='word_1_48' title='bbox 707 841 901 898; x_wconf 86' lang='lat' dir='ltr'>tributi</span> <span class='ocrx_word' id='word_1_49' title='bbox 925 840 1259 898; x_wconf 79' lang='lat' dir='ltr'>levamento.</span> <span class='ocrx_word' id='word_1_50' title='bbox 1306 837 1503 917; x_wconf 78' lang='lat' dir='ltr'>proxi-</span> 
     </span>
     <span class='ocr_line' id='line_1_10' title="bbox 320 922 1536 998; baseline -0.007 -10"><span class='ocrx_word' id='word_1_51' title='bbox 320 947 444 988; x_wconf 83' lang='lat' dir='ltr'>mae</span> <span class='ocrx_word' id='word_1_52' title='bbox 472 942 654 986; x_wconf 85' lang='lat' dir='ltr'>tamen</span> <span class='ocrx_word' id='word_1_53' title='bbox 681 927 974 986; x_wconf 86' lang='lat' dir='ltr'>Germanis</span> <span class='ocrx_word' id='word_1_54' title='bbox 1011 925 1340 984; x_wconf 72' lang='lat' dir='ltr'>exercitibus</span> <span class='ocrx_word' id='word_1_55' title='bbox 1369 922 1504 981; x_wconf 82' lang='lat' dir='ltr'><strong>Gal·</strong></span> <span class='ocrx_word' id='word_1_56' title='bbox 1527 991 1536 998; x_wconf 26' lang='grc' dir='ltr'><strong><em>ι</em></strong></span> 
     </span>
     <span class='ocr_line' id='line_1_11' title="bbox 321 1010 1506 1086; baseline -0.004 -13"><span class='ocrx_word' id='word_1_57' title='bbox 321 1015 516 1073; x_wconf 78' lang='lat' dir='ltr'>liarum</span> <span class='ocrx_word' id='word_1_58' title='bbox 535 1015 808 1086; x_wconf 84' lang='lat' dir='ltr'>civitates,</span> <span class='ocrx_word' id='word_1_59' title='bbox 831 1032 948 1072; x_wconf 90' lang='lat' dir='ltr'>non</span> <span class='ocrx_word' id='word_1_60' title='bbox 967 1010 1159 1071; x_wconf 84' lang='lat' dir='ltr'>eodem</span> <span class='ocrx_word' id='word_1_61' title='bbox 1179 1014 1390 1069; x_wconf 89' lang='lat' dir='ltr'>honore</span> <span class='ocrx_word' id='word_1_62' title='bbox 1407 1010 1506 1068; x_wconf 73' lang='lat' dir='ltr'>ha·</span> 
     </span>
     <span class='ocr_line' id='line_1_12' title="bbox 321 1095 1508 1176; baseline -0.005 -16"><span class='ocrx_word' id='word_1_63' title='bbox 321 1101 489 1172; x_wconf 84' lang='lat' dir='ltr'>bitae,</span> <span class='ocrx_word' id='word_1_64' title='bbox 512 1097 779 1176; x_wconf 84' lang='lat' dir='ltr'>quaedam</span> <span class='ocrx_word' id='word_1_65' title='bbox 802 1100 967 1156; x_wconf 79' lang='lat' dir='ltr'>etiam</span> <span class='ocrx_word' id='word_1_66' title='bbox 987 1095 1193 1155; x_wconf 83' lang='lat' dir='ltr'>finibus</span> <span class='ocrx_word' id='word_1_67' title='bbox 1217 1096 1508 1173; x_wconf 79' lang='lat' dir='ltr'>ademptis,</span> 
     </span>
     <span class='ocr_line' id='line_1_13' title="bbox 321 1181 1506 1266; baseline -0.004 -21"><span class='ocrx_word' id='word_1_68' title='bbox 321 1189 438 1266; x_wconf 79' lang='lat' dir='ltr'>pari</span> <span class='ocrx_word' id='word_1_69' title='bbox 456 1185 647 1245; x_wconf 87' lang='lat' dir='ltr'>dolore</span> <span class='ocrx_word' id='word_1_70' title='bbox 669 1183 961 1244; x_wconf 80' lang='lat' dir='ltr'>commoda</span> <span class='ocrx_word' id='word_1_71' title='bbox 979 1182 1156 1242; x_wconf 83' lang='lat' dir='ltr'>aliena</span> <span class='ocrx_word' id='word_1_72' title='bbox 1177 1202 1242 1241; x_wconf 79' lang='lat' dir='ltr'>ac</span> <span class='ocrx_word' id='word_1_73' title='bbox 1270 1181 1389 1241; x_wconf 78' lang='lat' dir='ltr'>suas</span> <span class='ocrx_word' id='word_1_74' title='bbox 1418 1184 1506 1240; x_wconf 89' lang='lat' dir='ltr'>in·</span> 
     </span>
     <span class='ocr_line' id='line_1_14' title="bbox 318 1269 1511 1351; baseline -0.007 -18"><span class='ocrx_word' id='word_1_75' title='bbox 318 1269 497 1351; x_wconf 69' lang='lat' dir='ltr'>jurias</span> <span class='ocrx_word' id='word_1_76' title='bbox 509 1273 891 1331; x_wconf 77' lang='lat' dir='ltr'>metiebantur.</span> <span class='ocrx_word' id='word_1_77' title='bbox 936 1270 1198 1328; x_wconf 67' lang='lat' dir='ltr'>Germani</span> <span class='ocrx_word' id='word_1_78' title='bbox 1211 1270 1511 1343; x_wconf 83' lang='lat' dir='ltr'>exercitus,</span> 
     </span>
     <span class='ocr_line' id='line_1_15' title="bbox 324 1354 1509 1438; baseline -0.005 -19"><span class='ocrx_word' id='word_1_79' title='bbox 324 1358 475 1438; x_wconf 85' lang='lat' dir='ltr'>quod</span> <span class='ocrx_word' id='word_1_80' title='bbox 500 1354 984 1438; x_wconf 82' lang='lat' dir='ltr'>periculofiffimum</span> <span class='ocrx_word' id='word_1_81' title='bbox 1002 1358 1059 1415; x_wconf 91' lang='lat' dir='ltr'>in</span> <span class='ocrx_word' id='word_1_82' title='bbox 1083 1357 1254 1415; x_wconf 77' lang='lat' dir='ltr'>tantis</span> <span class='ocrx_word' id='word_1_83' title='bbox 1272 1357 1509 1429; x_wconf 81' lang='lat' dir='ltr'>viribus,</span> 
     </span>
     <span class='ocr_line' id='line_1_16' title="bbox 324 1441 1510 1523; baseline -0.005 -16"><span class='ocrx_word' id='word_1_84' title='bbox 324 1445 521 1507; x_wconf 87' lang='lat' dir='ltr'>soliciti</span> <span class='ocrx_word' id='word_1_85' title='bbox 545 1461 598 1505; x_wconf 90' lang='lat' dir='ltr'>et</span> <span class='ocrx_word' id='word_1_86' title='bbox 633 1445 758 1505; x_wconf 83' lang='lat' dir='ltr'>irati</span> <span class='ocrx_word' id='word_1_87' title='bbox 788 1441 1032 1523; x_wconf 77' lang='lat' dir='ltr'>superbia</span> <span class='ocrx_word' id='word_1_88' title='bbox 1064 1443 1300 1504; x_wconf 86' lang='lat' dir='ltr'>recentis</span> <span class='ocrx_word' id='word_1_89' title='bbox 1330 1444 1510 1502; x_wconf 69' lang='lat' dir='ltr'>vicio-</span> 
     </span>
     <span class='ocr_line' id='line_1_17' title="bbox 325 1527 1511 1611; baseline -0.007 -17"><span class='ocrx_word' id='word_1_90' title='bbox 325 1537 460 1608; x_wconf 84' lang='lat' dir='ltr'>riae,</span> <span class='ocrx_word' id='word_1_91' title='bbox 479 1550 535 1592; x_wconf 87' lang='lat' dir='ltr'>et</span> <span class='ocrx_word' id='word_1_92' title='bbox 552 1549 724 1604; x_wconf 87' lang='lat' dir='ltr'>metu,</span> <span class='ocrx_word' id='word_1_93' title='bbox 748 1547 1032 1611; x_wconf 87' lang='lat' dir='ltr'>tamquam</span> <span class='ocrx_word' id='word_1_94' title='bbox 1055 1530 1187 1589; x_wconf 83' lang='lat' dir='ltr'>alias</span> <span class='ocrx_word' id='word_1_95' title='bbox 1211 1543 1397 1607; x_wconf 83' lang='lat' dir='ltr'>partes</span> <span class='ocrx_word' id='word_1_96' title='bbox 1421 1527 1511 1587; x_wconf 86' lang='lat' dir='ltr'>fo·</span> 
     </span>
    </p>
   </div>
   <div class='ocr_carea' id='block_1_2' title="bbox 227 1614 1509 1704">
    <p class='ocr_par' dir='ltr' id='par_1_2' title="bbox 227 1614 1509 1704">
     <span class='ocr_line' id='line_1_18' title="bbox 227 1614 1509 1704; baseline -0.005 -22"><span class='ocrx_word' id='word_1_97' title='bbox 227 1697 245 1704; x_wconf 44' lang='lat'>,</span> <span class='ocrx_word' id='word_1_98' title='bbox 326 1619 546 1681; x_wconf 78' lang='lat' dir='ltr'>viss&#39;ent.</span> <span class='ocrx_word' id='word_1_99' title='bbox 606 1619 760 1679; x_wconf 80' lang='lat' dir='ltr'>tarde</span> <span class='ocrx_word' id='word_1_100' title='bbox 798 1638 829 1677; x_wconf 80' lang='lat' dir='ltr'>a</span> <span class='ocrx_word' id='word_1_101' title='bbox 863 1624 1093 1678; x_wconf 83' lang='lat' dir='ltr'>Nerone</span> <span class='ocrx_word' id='word_1_102' title='bbox 1132 1614 1509 1676; x_wconf 75' lang='lat' dir='ltr'>desciverantt</span> 
     </span>
    </p>
   </div>
   <div class='ocr_carea' id='block_1_3' title="bbox 248 1701 1571 2564">
    <p class='ocr_par' dir='ltr' id='par_1_3' title="bbox 248 1701 1571 2564">
     <span class='ocr_line' id='line_1_19' title="bbox 326 1701 1568 1785; baseline -0.008 -18"><span class='ocrx_word' id='word_1_103' title='bbox 326 1727 434 1767; x_wconf 86' lang='lat' dir='ltr'>nee</span> <span class='ocrx_word' id='word_1_104' title='bbox 451 1705 627 1765; x_wconf 78' lang='lat' dir='ltr'>statim</span> <span class='ocrx_word' id='word_1_105' title='bbox 646 1725 749 1785; x_wconf 89' lang='lat' dir='ltr'>pro</span> <span class='ocrx_word' id='word_1_106' title='bbox 765 1704 938 1763; x_wconf 81' lang='lat' dir='ltr'>Galba</span> <span class='ocrx_word' id='word_1_107' title='bbox 953 1704 1248 1780; x_wconf 81' lang='lat' dir='ltr'>Verginius</span> <span class='ocrx_word' id='word_1_108' title='bbox 1267 1725 1284 1772; x_wconf 73' lang='lat'>3</span> <span class='ocrx_word' id='word_1_109' title='bbox 1316 1722 1390 1761; x_wconf 77' lang='lat' dir='ltr'>an</span> <span class='ocrx_word' id='word_1_110' title='bbox 1406 1701 1513 1760; x_wconf 84' lang='lat' dir='ltr'>im·</span> <span class='ocrx_word' id='word_1_111' title='bbox 1563 1748 1568 1757; x_wconf 77' lang='grc'><strong>.</strong></span> 
     </span>
     <span class='ocr_line' id='line_1_20' title="bbox 326 1788 1514 1873; baseline -0.005 -21"><span class='ocrx_word' id='word_1_112' title='bbox 326 1812 514 1873; x_wconf 80' lang='lat' dir='ltr'>perare</span> <span class='ocrx_word' id='word_1_113' title='bbox 549 1788 798 1851; x_wconf 74' lang='lat' dir='ltr'>voluisset</span> <span class='ocrx_word' id='word_1_114' title='bbox 833 1790 1093 1859; x_wconf 75' lang='lat' dir='ltr'>dubium3</span> <span class='ocrx_word' id='word_1_115' title='bbox 1134 1788 1375 1848; x_wconf 77' lang='lat' dir='ltr'>delatum</span> <span class='ocrx_word' id='word_1_116' title='bbox 1402 1788 1454 1846; x_wconf 88' lang='lat' dir='ltr'>ei</span> <span class='ocrx_word' id='word_1_117' title='bbox 1477 1807 1514 1846; x_wconf 76' lang='lat' dir='ltr'><strong>a</strong></span> 
     </span>
     <span class='ocr_line' id='line_1_21' title="bbox 326 1876 1514 1956; baseline -0.005 -17"><span class='ocrx_word' id='word_1_118' title='bbox 326 1879 502 1939; x_wconf 89' lang='lat' dir='ltr'>milite</span> <span class='ocrx_word' id='word_1_119' title='bbox 525 1879 813 1956; x_wconf 80' lang='lat' dir='ltr'>imperium</span> <span class='ocrx_word' id='word_1_120' title='bbox 837 1876 1223 1937; x_wconf 78' lang='lat' dir='ltr'>conveniebat.</span> <span class='ocrx_word' id='word_1_121' title='bbox 1279 1876 1514 1933; x_wconf 79' lang='lat' dir='ltr'>Fontei-</span> 
     </span>
     <span class='ocr_line' id='line_1_22' title="bbox 325 1961 1515 2044; baseline -0.008 -17"><span class='ocrx_word' id='word_1_122' title='bbox 325 1986 420 2027; x_wconf 87' lang='lat' dir='ltr'>um</span> <span class='ocrx_word' id='word_1_123' title='bbox 439 1966 767 2044; x_wconf 78' lang='lat' dir='ltr'>Capitonem</span> <span class='ocrx_word' id='word_1_124' title='bbox 782 1961 1046 2037; x_wconf 87' lang='lat' dir='ltr'>occisum,</span> <span class='ocrx_word' id='word_1_125' title='bbox 1060 1963 1222 2021; x_wconf 80' lang='lat' dir='ltr'>etiam</span> <span class='ocrx_word' id='word_1_126' title='bbox 1239 1962 1335 2039; x_wconf 90' lang='lat' dir='ltr'>qui</span> <span class='ocrx_word' id='word_1_127' title='bbox 1355 1961 1515 2040; x_wconf 82' lang='lat' dir='ltr'>queri</span> 
     </span>
     <span class='ocr_line' id='line_1_23' title="bbox 327 2048 1514 2130; baseline -0.005 -17"><span class='ocrx_word' id='word_1_128' title='bbox 327 2073 447 2113; x_wconf 86' lang='lat' dir='ltr'>non</span> <span class='ocrx_word' id='word_1_129' title='bbox 488 2066 745 2130; x_wconf 81' lang='lat' dir='ltr'>poterant</span> <span class='ocrx_word' id='word_1_130' title='bbox 764 2093 784 2124; x_wconf 93' lang='lat'>,</span> <span class='ocrx_word' id='word_1_131' title='bbox 827 2066 1015 2110; x_wconf 80' lang='lat' dir='ltr'>tamen</span> <span class='ocrx_word' id='word_1_132' title='bbox 1060 2048 1514 2124; x_wconf 75' lang='lat' dir='ltr'>indignabantur.</span> 
     </span>
     <span class='ocr_line' id='line_1_24' title="bbox 328 2132 1517 2213; baseline -0.006 -14"><span class='ocrx_word' id='word_1_133' title='bbox 328 2140 444 2200; x_wconf 81' lang='lat' dir='ltr'>dux</span> <span class='ocrx_word' id='word_1_134' title='bbox 459 2137 665 2210; x_wconf 79' lang='lat' dir='ltr'>deerat,</span> <span class='ocrx_word' id='word_1_135' title='bbox 692 2137 928 2197; x_wconf 64' lang='lat' dir='ltr'>abducto</span> <span class='ocrx_word' id='word_1_136' title='bbox 944 2135 1217 2212; x_wconf 81' lang='lat' dir='ltr'>Verginio</span> <span class='ocrx_word' id='word_1_137' title='bbox 1232 2153 1330 2213; x_wconf 88' lang='lat' dir='ltr'>per</span> <span class='ocrx_word' id='word_1_138' title='bbox 1351 2132 1517 2194; x_wconf 83' lang='lat' dir='ltr'>fimu-</span> 
     </span>
     <span class='ocr_line' id='line_1_25' title="bbox 328 2221 1517 2300; baseline -0.007 -14"><span class='ocrx_word' id='word_1_139' title='bbox 328 2227 593 2287; x_wconf 85' lang='lat' dir='ltr'>iationem</span> <span class='ocrx_word' id='word_1_140' title='bbox 615 2226 916 2284; x_wconf 80' lang='lat' dir='ltr'>amicitiae:</span> <span class='ocrx_word' id='word_1_141' title='bbox 957 2241 1119 2300; x_wconf 85' lang='lat' dir='ltr'>quem</span> <span class='ocrx_word' id='word_1_142' title='bbox 1142 2241 1261 2280; x_wconf 88' lang='lat' dir='ltr'>non</span> <span class='ocrx_word' id='word_1_143' title='bbox 1286 2221 1517 2293; x_wconf 83' lang='lat' dir='ltr'>remitti,</span> 
     </span>
     <span class='ocr_line' id='line_1_26' title="bbox 329 2305 1516 2391; baseline -0.005 -19"><span class='ocrx_word' id='word_1_144' title='bbox 329 2329 494 2391; x_wconf 76' lang='lat' dir='ltr'>atque</span> <span class='ocrx_word' id='word_1_145' title='bbox 526 2314 685 2371; x_wconf 77' lang='lat' dir='ltr'>etiam</span> <span class='ocrx_word' id='word_1_146' title='bbox 715 2330 863 2371; x_wconf 85' lang='lat' dir='ltr'>reum</span> <span class='ocrx_word' id='word_1_147' title='bbox 894 2307 1019 2383; x_wconf 78' lang='lat' dir='ltr'>effe,</span> <span class='ocrx_word' id='word_1_148' title='bbox 1053 2324 1333 2388; x_wconf 73' lang='lat' dir='ltr'>tamquam</span> <span class='ocrx_word' id='word_1_149' title='bbox 1359 2305 1516 2366; x_wconf 88' lang='lat' dir='ltr'>suum</span> 
     </span>
     <span class='ocr_line' id='line_1_27' title="bbox 248 2394 1571 2474; baseline -0.006 -16"><span class='ocrx_word' id='word_1_150' title='bbox 248 2394 255 2401; x_wconf 70' lang='grc'><em>’</em></span> <span class='ocrx_word' id='word_1_151' title='bbox 328 2401 534 2459; x_wconf 86' lang='lat' dir='ltr'>crimen</span> <span class='ocrx_word' id='word_1_152' title='bbox 559 2397 917 2474; x_wconf 84' lang='lat' dir='ltr'>accipiebant.</span> <span class='ocrx_word' id='word_1_153' title='bbox 1027 2397 1282 2473; x_wconf 87' lang='lat' dir='ltr'>Superior</span> <span class='ocrx_word' id='word_1_154' title='bbox 1301 2395 1509 2452; x_wconf 81' lang='lat' dir='ltr'>exerci-</span> <span class='ocrx_word' id='word_1_155' title='bbox 1529 2412 1571 2474; x_wconf 83' lang='lat'>9</span> 
     </span>
     <span class='ocr_line' id='line_1_28' title="bbox 328 2477 1519 2564; baseline -0.005 -19"><span class='ocrx_word' id='word_1_156' title='bbox 328 2500 414 2545; x_wconf 75' lang='lat' dir='ltr'>tus</span> <span class='ocrx_word' id='word_1_157' title='bbox 432 2485 667 2564; x_wconf 76' lang='lat' dir='ltr'>legatum</span> <span class='ocrx_word' id='word_1_158' title='bbox 693 2483 1081 2547; x_wconf 83' lang='lat' dir='ltr'>Hordeonium</span> <span class='ocrx_word' id='word_1_159' title='bbox 1097 2480 1352 2544; x_wconf 80' lang='lat' dir='ltr'>Flaccum</span> <span class='ocrx_word' id='word_1_160' title='bbox 1367 2477 1519 2558; x_wconf 85' lang='lat' dir='ltr'>sper·</span> 
     </span>
    </p>
   </div>
  </div>
 </body>
</html>
