1759 2975
337 105 454 165 180
562 126 622 167 c.
659 124 1051 167 consti-:211
1089 124 1382 167 τΑειτι

327 200 465 274 lens,
480 201 640 260 editis
667 218 782 261 tota
806 206 945 262 urbe
963 206 1178 263 vicatim
1196 202 1537 280 gladiatori·
1615 238 1623 245 ·

329 290 457 360 bus,
479 286 852 348 celebravere:
902 292 1334 368 ingentiparatu,
1349 303 1404 346 et
1420 311 1528 347 an-

329 388 383 430 te
397 372 547 432 illum
565 372 707 433 diem
725 373 963 435 insolito.
1001 377 1200 435 lactum
1219 374 1526 434 foediffimo

333 461 552 536 cuique,
575 459 719 538 apud
745 464 924 520 bonos
947 464 1183 521 invidiae
1207 464 1332 535 fuit,
1372 460 1531 539 quod

333 543 614 604 exstruflis
633 549 690 604 in
711 568 905 627 campo
925 549 1129 607 Martio
1152 551 1281 619 aris,
1304 547 1530 606 inferias

341 636 554 693 Neroni
569 631 811 706 fecissen
840 633 1019 694 caesae
1042 636 1256 712 publice
1277 635 1541 693 victimae

340 735 744 799 cremataeque:
787 719 931 781 faces
954 719 1263 797 Augustales
1281 718 1313 778 s
1306 718 1534 780 ubdide-

345 825 439 867 re:
474 805 626 886 quod
648 805 1034 879 sacerdotium,
1052 823 1113 865 ut
1135 806 1400 866 Romulus
1415 812 1535 864 Ta-

346 894 429 954 tio
455 898 591 971 regi,
609 896 685 954 ita
702 891 890 954 Caesar
909 895 1169 961 Tiberius
1186 893 1359 970 Juliae
1377 896 1537 968 genti

345 977 604 1040 sacravit.
660 980 909 1040 nondum
954 995 1183 1058 quartus
1230 1001 1263 1038 a
1307 981 1539 1038 vietoria

346 1063 567 1136 mentis,
582 1081 638 1124 et
655 1064 882 1125 libertus
894 1065 1105 1125 Vitellii
1122 1064 1409 1139 Afiaticus,
1432 1073 1539 1123 Po-

346 1150 606 1228 lyciam,
638 1153 949 1224 Patrobios,
979 1166 1037 1209 et
1065 1166 1246 1210 vetera
1279 1149 1541 1211 odiorum

261 1230 270 1237 ’
350 1237 580 1295 nomina
615 1238 899 1315 aequabat.
962 1256 1127 1295 nemo
1163 1239 1222 1296 in
1260 1237 1356 1296 illa
1395 1238 1543 1313 aula,

349 1324 629 1404 probitate
655 1338 747 1381 aut
769 1320 1032 1382 industria
1053 1324 1283 1383 certavit
1304 1345 1321 1384 t
1369 1344 1541 1384 unum

354 1407 425 1470 ad
461 1409 765 1488 potentiam
802 1412 908 1469 iter
946 1407 1192 1491 prodigis
1233 1408 1432 1488 epulis,
1484 1427 1543 1469 et

356 1494 572 1576 sumptu
618 1516 903 1577 ganeaque
952 1494 1142 1555 satiare
1183 1497 1542 1576 inexplebiles

358 1582 571 1644 vitellii
594 1582 875 1644 libidines.
921 1582 1034 1663 ipse
1057 1584 1269 1643 abunde
1292 1598 1465 1654 ratus,
1504 1582 1545 1643 fi

358 1669 734 1751 praesentibus
767 1669 1065 1745 frueretur,
1080 1657 1198 1729 ⁴nee
1229 1672 1286 1728 in
1323 1667 1542 1746 longius

353 1754 698 1831 consultans,
708 1758 901 1814 novies
912 1755 1107 1814 millies
1117 1754 1407 1815 sestertium
1421 1775 1544 1835 pau·

359 1842 575 1901 cissimis
601 1840 876 1901 mensibus
897 1840 1249 1902 intervertisse
1281 1842 1544 1903 creditur.

359 1948 558 2006 magna
581 1943 635 1986 et
656 1924 847 2000 misera
860 1929 1078 2001 civitas,
1094 1929 1285 1989 eodem
1302 1949 1452 1988 anno
1469 1935 1548 1985 O-

361 2017 585 2076 thonem
610 2013 1010 2093 Vitelliumque
1033 2012 1197 2092 paffa,
1219 2018 1364 2075 inter
1384 2016 1548 2073 Vini-

360 2120 454 2174 os,
470 2100 691 2173 Fabios,
702 2100 902 2172 Icelos,
915 2098 1201 2177 Asiaticos,
1212 2104 1364 2160 varia
1376 2114 1431 2158 et
1447 2120 1549 2177 pu-

363 2187 543 2248 denda
587 2185 729 2246 sorte
761 2188 954 2264 agebat
981 2211 1000 2259 3
1048 2186 1228 2249 donec
1265 2185 1550 2249 successere

362 2275 657 2336 Mucianus
674 2289 728 2333 et
754 2272 1046 2335 Marcellus
1061 2289 1119 2333 et
1139 2277 1316 2352 magis
1338 2272 1428 2333 alii
1446 2276 1548 2333 ho·

360 2362 565 2433 mines,
584 2380 751 2442 quam
764 2360 1077 2421 alii-mores.
1115 2363 1296 2434 Prima
1306 2360 1537 2420 Vitellio
1548 2357 1627 2438 96
1726 2339 1727 2350 ¹

363 2451 383 2479 ⁸
406 2449 596 2508 tertiae
630 2446 877 2535 legionis
911 2445 1175 2509 defeetio’
1216 2448 1544 2525 nuntiatur,
