1759 2975
374 82 463 146 26
560 99 620 143 c.
650 99 1050 142 conatur
1084 99 1385 145 τΑειτί

369 184 561 240 cuniae
583 181 833 258 indigum
851 221 870 255 ,
911 195 969 239 et
998 181 1057 239 in
1083 201 1259 240 novas
1283 182 1558 260 cupidita·

366 283 449 325 tes
495 268 844 348 praecipitem
876 265 1170 327 alliciendo
1189 310 1208 340 ,
1251 288 1319 327 eo
1363 270 1557 349 paula·

364 357 465 412 tim
493 351 799 432 progressus
821 351 918 426 est,
947 366 1010 410 ut
1037 373 1136 431 per
1157 352 1386 434 speciem
1407 376 1553 416 con·

364 442 540 512 vivii,
578 440 840 517 quotiens
879 438 1055 497 Galba
1085 440 1230 518 apud
1267 443 1553 504 Othonem

363 524 699 606 epularetur,
723 526 943 585 cohorti
958 526 1216 585 excubias
1234 529 1441 604 agenti,
1464 531 1554 592 vi·

361 614 512 672 ritim
525 627 791 671 centenos
803 629 1063 670 nummos
1073 612 1365 675 divideret}
1381 634 1550 694 quam

363 700 518 758 velut
545 698 820 779 publicam
853 698 1229 776 largitionem,
1260 702 1436 775 Otho,
1468 699 1548 761 se·

362 786 690 845 cretioribus
708 784 850 864 apud
876 782 1119 862 fingulos
1150 788 1429 864 praemiis,
1459 789 1549 848 in-

362 871 659 943 tendebat;
691 872 829 932 adeo
845 869 1124 930 animosus
1140 887 1457 953 corruptor,
1480 890 1549 935 ut

362 961 603 1020 Cocceio
619 957 853 1018 Proculo
878 955 1201 1037 speculatori
1224 957 1292 1017 de
1309 975 1464 1038 parte
1478 958 1545 1021 fi-

358 1047 514 1112 nium
527 1065 653 1103 cum
670 1045 859 1103 vicino
878 1045 1199 1120 ambigenti,
1230 1043 1547 1107 universum

356 1132 529 1188 vicini
552 1150 738 1207 agrum
762 1128 853 1188 sua
876 1132 1110 1207 pecunia
1124 1144 1366 1208 emptum
1385 1130 1547 1192 dono

357 1214 598 1275 dederit:
630 1234 724 1292 per
749 1212 1053 1274 socordiam
1078 1215 1358 1294 praefec'ti,
1380 1236 1545 1297 quem

356 1316 496 1362 nota
512 1303 715 1380 pariter
739 1315 795 1359 et
823 1300 1043 1360 occulta
1068 1300 1349 1362 fallebant.
1438 1305 1539 1366 sed
1555 1327 1633 1387 25

356 1401 476 1447 tum
496 1409 526 1446 e
545 1387 754 1447 libertis
779 1385 1135 1446 Onomastum
1158 1386 1349 1449 futuro
1362 1386 1544 1451 sceleri

355 1472 636 1555 praefecit,
662 1495 693 1534 a
715 1494 830 1554 quo
855 1475 1107 1534 Barbium
1124 1477 1416 1537 Proculum
1440 1475 1544 1538 tes·

355 1562 617 1622 serarium
636 1560 1055 1642 speculatorum,
1068 1576 1124 1620 et
1132 1563 1427 1622 Veturium
1439 1584 1544 1644 op·-

357 1650 567 1708 tionem
590 1647 890 1708 eorundem
916 1648 1226 1726 perduGoS,
1257 1646 1543 1727 postquam

355 1736 513 1795 vario
538 1732 786 1792 sermone
803 1734 1030 1793 callidos
1048 1732 1381 1812 audacesque
1402 1755 1539 1813 cog·

355 1823 546 1893 novit,
568 1821 748 1899 pretio
779 1836 832 1877 et
863 1819 1128 1898 promissis
1159 1834 1377 1898 onerat,
1407 1820 1540 1882 data

355 1909 588 1986 pecunia
619 1905 684 1965 ad
718 1906 1114 1981 pertentando-0,
1149 1905 1388 1985 plurium
1420 1909 1543 1966 ani·

356 2012 506 2052 mos.
555 1989 822 2070 suscepere
845 1992 960 2051 duo
981 1990 1343 2070 manipulares
1367 1994 1543 2072 impe·

356 2080 498 2138 rium
526 2079 714 2157 populi
739 2078 975 2138 Romani
1000 2075 1458 2153 transferendum,
1485 2094 1543 2139 et

356 2163 768 2223 transtulerunt.
796 2168 853 2222 in
868 2162 1262 2223 conscientiam
1277 2161 1542 2225 facinoris

354 2253 512 2330 pauci
545 2249 717 2325 asciti,
761 2248 1040 2328 suspensos
1070 2264 1379 2309 ceterorum
1417 2252 1541 2310 ani·

356 2357 505 2412 moa,
526 2336 746 2397 diverfis
772 2340 979 2396 artibus
996 2334 1299 2397 stimulant=
1329 2339 1541 2415 primo·

356 2444 444 2499 rea
473 2424 732 2504 militnm,
774 2424 792 2456 ‘
811 2444 908 2505 per
930 2422 1190 2487 beneficia
1211 2422 1540 2503 Nymphidii

1729 1059 1750 1587 ε

1727 1598 1748 2673 ³
