1759 2975
313 90 398 166 64
496 105 559 151 c.
590 108 990 150 commen
1026 107 1330 152 rnen-1

305 192 438 261 irae,
467 190 525 246 in
554 187 744 247 fiscum
767 204 1030 264 verterat,
1072 189 1277 248 multus
1303 203 1511 250 contra

305 278 366 334 in
389 273 730 334 Viennenses
756 278 977 349 honor5
1010 275 1158 335 unde
1181 277 1510 352 aemulatiO,

306 376 363 419 et
391 360 596 418 invidia
618 402 635 431 ,
669 376 726 418 et
758 381 875 419 uno
907 382 1070 421 amne
1099 361 1342 421 discretis
1361 381 1505 419 con-

307 467 511 505 nexum
536 446 746 506 odium.
798 449 968 523 igitur
991 446 1383 526 Lugdunenses
1403 467 1505 505 ex-

307 533 580 593 stimulare
607 531 850 609 fingulos
881 534 1143 605 militum,
1167 550 1223 592 et
1252 536 1315 592 in
1345 554 1503 592 ever-

307 618 509 679 fionem
525 618 921 677 Viennensium
947 620 1244 699 impellere,
1284 621 1302 650 ‘
1322 617 1503 678 obses*

309 706 329 738 ‘
357 704 466 763 sam
491 708 559 763 ab
587 706 698 763 illis
739 706 1021 764 coloniam
1061 706 1232 779 suam,
1271 705 1501 782 adjutos

308 792 329 826 ‘
351 790 610 851 Vindicis
631 808 866 849 conatus
890 833 905 861 ‚
948 791 1288 869 conscriptas
1319 811 1501 869 nuper

309 877 607 955 ‘legiones
640 879 702 935 in
737 876 1053 957 praesidium
1085 878 1325 936 Galbae’
1363 875 1502 935 refe·

311 966 524 1038 rend03
555 980 612 1022 et
639 965 733 1022 ubi
750 962 953 1023 caussas
972 964 1229 1023 odiorum
1250 978 1501 1043 praetem·

310 1051 522 1122 derant,
550 1050 985 1125 magnitudinem
1005 1051 1234 1126 praedae
1250 1048 1500 1107 ostende-

313 1139 467 1195 bant.
528 1155 631 1192 nec
651 1138 770 1210 jam
794 1133 1005 1213 secreta⁴
1026 1137 1370 1209 exhortatio,
1410 1134 1501 1194 sed

312 1221 557 1301 publicae
582 1240 768 1297 preces
788 1243 807 1291 3
842 1224 859 1251 ‘
880 1224 1026 1279 irent
1042 1221 1265 1296 ultores,
1287 1221 1501 1280 exscin-

313 1309 335 1341 ‘
358 1308 553 1366 det-ent
569 1305 743 1365 sedem
761 1307 957 1365 Galfici
982 1308 1105 1366 belli
1125 1331 1142 1379 ;
1174 1312 1373 1367 cundia
1389 1308 1502 1367 illic

316 1395 336 1427 ‘
355 1409 583 1453 externa
598 1407 654 1450 et
669 1392 906 1466 hostilia,
925 1391 977 1451 se
1001 1394 1278 1453 coloniam
1296 1400 1501 1453 Roma-

312 1479 335 1516 ‘
360 1502 490 1540 nam
514 1497 570 1539 et
590 1497 796 1558 partem
813 1482 1111 1555 exercitus„
1135 1497 1191 1540 et
1215 1478 1496 1560 prospera-

313 1568 338 1603 ‘
360 1589 480 1627 rum
514 1567 971 1645 adversarumque
1001 1588 1181 1626 rerum
1215 1566 1415 1627 socios·
1460 1567 1502 1628 fi

312 1654 334 1693 ‘
357 1653 584 1714 fortuna
606 1671 802 1712 contra
833 1652 1018 1728 daret,
1051 1656 1205 1712 iratis
1239 1675 1309 1712 ne
1336 1653 1501 1713 relin-

315 1739 336 1773 ‘
360 1743 697 1818 querentur.’
780 1743 886 1797 His
910 1754 968 1796 et
995 1732 1241 1816 pluribus
1265 1740 1324 1797 in
1355 1760 1490 1799 eun·
1506 1735 1583 1796 66

312 1826 439 1885 dem
457 1825 705 1895 modum,
741 1825 1086 1903 perpulerant
1100 1870 1117 1900 ,
1161 1841 1224 1884 ut
1241 1847 1312 1884 ne
1333 1824 1501 1903 legati

314 1910 535 1991 quidem
561 1931 624 1968 ac
647 1911 817 1970 duces
836 1913 1068 1988 partium
1093 1912 1350 1988 restingui
1379 1912 1501 1991 pos·
1545 1950 1550 1955 -

312 1997 371 2058 se
392 1996 733 2055 iracundiam
768 2001 1037 2056 exercitus
1069 2000 1500 2073 arbitrarentur,

312 2103 440 2144 cum
470 2082 612 2140 haud
648 2085 818 2159 ignari
854 2081 1183 2144 discriminis
1220 2083 1299 2144 sui
1329 2087 1499 2143 Vien-

312 2167 532 2241 nenses,
560 2171 870 2228 velamenta
890 2185 944 2228 et
961 2169 1163 2230 infulas
1189 2171 1497 2249 praeferent·
1579 2236 1588 2241 ,

316 2272 425 2327 tes,
448 2259 539 2314 ubi
556 2274 751 2332 agmen
768 2255 1073 2330 incesserat,
1103 2277 1275 2331 arma,
1295 2260 1496 2332 genua,

315 2342 539 2420 vestigia
562 2341 893 2420 prensando,
911 2344 1110 2403 flexere
1125 2344 1358 2403 militum
1376 2343 1494 2400 ani*

314 2444 463 2491 mos.
509 2425 720 2490 addidit
742 2430 952 2491 Valens
990 2443 1238 2492 trecenos
1271 2427 1498 2508 singulis
