1759 2975
400 118 493 195 46
590 133 1074 180 atomum
1110 131 1414 178 mci-rt

400 233 553 289 cato,
579 237 741 296 quem
765 217 831 278 ad
854 215 1069 277 eaedem
1093 217 1212 292 ejus
1245 220 1395 276 Otho
1425 234 1584 295 prae·

398 303 633 372 miserat,
657 297 957 364 confossus·
1013 304 1074 362 in
1104 303 1441 362 Mattianum
1463 310 1585 363 Ice-

396 388 534 461 lum,
558 405 620 448 ut
644 392 702 449 in
736 390 1017 463 libertum,
1045 389 1220 468 palam
1238 388 1583 450 animadver-

398 473 535 534 sum.
628 480 838 536 Exadlo
860 492 960 554 per
992 474 1188 535 scelera
1208 472 1297 535 die
1315 519 1333 548 ,
1363 475 1578 538 noviffi·
1594 495 1680 557 47

398 582 553 621 mum
568 563 836 622 malorum
855 559 961 621 fuit
975 560 1204 620 laetitia.
1250 575 1414 622 vocat
1433 560 1584 622 sena-

401 661 519 706 tum
545 657 761 726 praetor
785 650 1054 719 urbanus-'3
1085 662 1298 707 certant
1319 646 1588 707 adulatio·

401 736 564 793 nibus
584 736 752 793 ceteri
775 731 1136 808 magistratus·
1184 746 1472 792 aecurrunt
1494 754 1591 813 pa·

404 836 542 890 tres,
570 820 882 880 decernitur
897 821 1112 879 Othoni
1131 816 1151 851 ‘
1168 819 1461 878 tribunicia
1488 840 1590 900 po·

403 907 426 941 ‘
466 906 629 967 testas
649 951 668 982 ,
703 922 759 967 et
790 924 999 967 nornen
1022 903 1269 984 Augusti,
1307 919 1364 964 et
1392 925 1593 965 omnes

402 993 431 1029 ·‘
476 996 789 1073 principum
830 995 1071 1053 honores
1097 1034 1114 1060 ‚
1147 994 1164 1020 ⁹
1214 992 1592 1051 annitentibus

403 1083 617 1139 cunetis
634 1079 849 1138 ab'olere
863 1080 1114 1138 convicia
1127 1098 1191 1136 ac
1206 1079 1430 1156 probra,
1454 1094 1591 1158 quae

402 1162 711 1245 promiscue
732 1164 879 1240 jana
902 1156 1113 1222 haefiffe
1142 1165 1327 1222 animo
1351 1165 1473 1240 ejus
1496 1183 1593 1222 ne·

404 1269 504 1312 mo
519 1248 701 1322 senfin
734 1246 986 1308 omifiss'et
1000 1240 1251 1317 offensas,
1275 1268 1348 1308 an
1370 1246 1592 1308 distulis-

408 1335 484 1396 set
503 1380 523 1411 ‚
559 1337 824 1396 brevitate
858 1337 1073 1413 imperii
1112 1335 1172 1393 in
1208 1335 1424 1396 incerto
1467 1334 1590 1394 fuit.

408 1428 561 1481 Otho
601 1435 829 1483 cruento
866 1420 1043 1480 adhuc
1079 1419 1202 1480 foro
1220 1463 1239 1497 ,
1279 1441 1375 1501 per
1400 1419 1596 1499 strages

404 1512 733 1588 jacentium,
756 1512 812 1566 in
840 1508 1178 1587 Capitolium
1201 1524 1367 1587 atque
1384 1508 1513 1567 inde
1537 1511 1599 1567 in

412 1598 678 1657 Palatium
713 1598 927 1662 vestus,
954 1595 972 1624 ‘
999 1593 1219 1655 concedi
1250 1614 1487 1673 corpora
1519 1592 1599 1652 se·

410 1688 431 1714 ‘
459 1684 726 1762 pultat-ae,
751 1682 1117 1758 cremarique'
1144 1679 1403 1760 permifit.
1452 1678 1601 1740 Piso·

414 1789 541 1827 nem
559 1768 800 1825 Verania
831 1785 976 1823 uxor
995 1786 1057 1824 ac
1090 1764 1259 1824 frater
1287 1767 1601 1826 Scribonia·-

415 1868 519 1911 nus
541 1894 562 1925 ,
599 1857 682 1911 T.
706 1852 939 1908 Vinium
960 1848 1209 1928 Crispina
1241 1849 1350 1909 filia
1372 1868 1604 1931 compo-

415 1937 564 1996 suere
582 1980 599 2006 ,
628 1934 878 2015 quaesitis
901 1934 1290 2016 redemptisque
1307 1939 1604 2018 capitibuS,

414 2042 558 2101 quae
589 2020 801 2082 venalia
833 2021 1207 2082 interfeetores
1235 2024 1602 2085 servaverant.

416 2107 535 2168 Piso
560 2128 730 2167 unum
753 2124 807 2167 et
827 2107 1152 2168 tricesimum
1184 2110 1372 2167 aetatis
1396 2130 1604 2169 annum
1616 2117 1695 2192 48

416 2195 675 2273 explebat
693 2238 712 2269 ‚
753 2193 898 2254 fama
921 2194 1143 2254 meliore
1167 2214 1332 2273 quam
1354 2193 1608 2257 fortuna.

418 2281 611 2341 fratres
627 2280 748 2357 ejus
769 2286 1037 2357 Magnum
1056 2279 1339 2353 Claudius,
1359 2277 1614 2341 Craffum

424 2373 576 2428 Nero
591 2365 997 2426 interfecerant.
1045 2365 1157 2447 ipse
1172 2364 1265 2425 diu
1281 2362 1450 2437 exsul,
1471 2386 1617 2444 qua·-

428 2452 612 2515 triduo
636 2450 832 2514 Caesar
846 2495 868 2531 ,
906 2466 1193 2534 properata
1219 2449 1519 2531 adoptione
1544 2448 1618 2515 ad
