<?xml version="1.0" encoding="UTF-8"?>
<!DOCTYPE html PUBLIC "-//W3C//DTD XHTML 1.0 Transitional//EN"
    "http://www.w3.org/TR/xhtml1/DTD/xhtml1-transitional.dtd">
<html xmlns="http://www.w3.org/1999/xhtml" xml:lang="en" lang="en">
 <head>
  <title>
</title>
<meta http-equiv="Content-Type" content="text/html;charset=utf-8" />
  <meta name='ocr-system' content='tesseract 3.04.00' />
  <meta name='ocr-capabilities' content='ocr_page ocr_carea ocr_par ocr_line ocrx_word'/>
</head>
<body>
  <div class='ocr_page' id='page_1' title='image "./ccorneliitaciti04grongoog_0321.png"; bbox 0 0 1759 2975; ppageno 0'>
   <div class='ocr_carea' id='block_1_1' title="bbox 343 168 1537 249">
    <p class='ocr_par' dir='ltr' id='par_1_1' title="bbox 343 168 1537 249">
     <span class='ocr_line' id='line_1_1' title="bbox 343 168 1537 249; baseline -0.002 -27"><span class='ocrx_word' id='word_1_1' title='bbox 343 178 928 222; x_wconf 59' lang='lat' dir='ltr'>maronianum</span> <span class='ocrx_word' id='word_1_2' title='bbox 961 169 1227 221; x_wconf 62' lang='lat' dir='ltr'><strong>umus.</strong></span> <span class='ocrx_word' id='word_1_3' title='bbox 1289 168 1430 234; x_wconf 73' lang='lat'>273</span> <span class='ocrx_word' id='word_1_4' title='bbox 1519 237 1537 249; x_wconf 28' lang='grc' dir='ltr'><em>ρ</em></span> 
     </span>
    </p>
   </div>
   <div class='ocr_carea' id='block_1_2' title="bbox 233 257 1429 2022">
    <p class='ocr_par' dir='ltr' id='par_1_2' title="bbox 233 257 1429 2022">
     <span class='ocr_line' id='line_1_2' title="bbox 234 257 1418 326; baseline -0.005 -6"><span class='ocrx_word' id='word_1_5' title='bbox 234 274 540 320; x_wconf 81' lang='lat' dir='ltr'>noverant.</span> <span class='ocrx_word' id='word_1_6' title='bbox 597 257 767 317; x_wconf 81' lang='lat' dir='ltr'>studia</span> <span class='ocrx_word' id='word_1_7' title='bbox 803 258 1104 326; x_wconf 82' lang='lat' dir='ltr'>exercitus,</span> <span class='ocrx_word' id='word_1_8' title='bbox 1143 276 1264 316; x_wconf 85' lang='lat' dir='ltr'>raro</span> <span class='ocrx_word' id='word_1_9' title='bbox 1300 259 1418 315; x_wconf 83' lang='lat' dir='ltr'>cui-</span> 
     </span>
     <span class='ocr_line' id='line_1_3' title="bbox 234 339 1417 422; baseline -0.002 -20"><span class='ocrx_word' id='word_1_10' title='bbox 234 364 402 422; x_wconf 86' lang='lat' dir='ltr'>quam</span> <span class='ocrx_word' id='word_1_11' title='bbox 418 344 583 403; x_wconf 78' lang='lat' dir='ltr'>bonis</span> <span class='ocrx_word' id='word_1_12' title='bbox 605 345 811 403; x_wconf 77' lang='lat' dir='ltr'>artibus</span> <span class='ocrx_word' id='word_1_13' title='bbox 836 341 1073 422; x_wconf 82' lang='lat' dir='ltr'>quaefita</span> <span class='ocrx_word' id='word_1_14' title='bbox 1101 342 1324 420; x_wconf 83' lang='lat' dir='ltr'>perinde</span> <span class='ocrx_word' id='word_1_15' title='bbox 1337 339 1417 400; x_wconf 86' lang='lat' dir='ltr'>af·</span> 
     </span>
     <span class='ocr_line' id='line_1_4' title="bbox 235 428 1418 508; baseline 0 -20"><span class='ocrx_word' id='word_1_16' title='bbox 235 428 410 502; x_wconf 66' lang='lat' dir='ltr'>fliete,</span> <span class='ocrx_word' id='word_1_17' title='bbox 437 447 603 507; x_wconf 86' lang='lat' dir='ltr'>quam</span> <span class='ocrx_word' id='word_1_18' title='bbox 629 430 757 487; x_wconf 86' lang='lat' dir='ltr'>huic</span> <span class='ocrx_word' id='word_1_19' title='bbox 781 448 875 508; x_wconf 85' lang='lat' dir='ltr'>per</span> <span class='ocrx_word' id='word_1_20' title='bbox 900 430 1196 503; x_wconf 87' lang='lat' dir='ltr'>ignaviam.</span> <span class='ocrx_word' id='word_1_21' title='bbox 1238 429 1418 488; x_wconf 84' lang='lat' dir='ltr'>inerat</span> 
     </span>
     <span class='ocr_line' id='line_1_5' title="bbox 236 511 1415 593; baseline -0.003 -20"><span class='ocrx_word' id='word_1_22' title='bbox 236 528 421 573; x_wconf 84' lang='lat' dir='ltr'>tamen</span> <span class='ocrx_word' id='word_1_23' title='bbox 444 511 755 593; x_wconf 67' lang='lat' dir='ltr'>simplicitas</span> <span class='ocrx_word' id='word_1_24' title='bbox 785 534 849 572; x_wconf 82' lang='lat' dir='ltr'>ac</span> <span class='ocrx_word' id='word_1_25' title='bbox 880 512 1197 572; x_wconf 79' lang='lat' dir='ltr'>liberalitas:</span> <span class='ocrx_word' id='word_1_26' title='bbox 1251 533 1415 592; x_wconf 84' lang='lat' dir='ltr'>quae,</span> 
     </span>
     <span class='ocr_line' id='line_1_6' title="bbox 235 596 1410 672; baseline 0.002 -14"><span class='ocrx_word' id='word_1_27' title='bbox 235 600 299 658; x_wconf 87' lang='lat' dir='ltr'>ni</span> <span class='ocrx_word' id='word_1_28' title='bbox 328 596 464 658; x_wconf 85' lang='lat' dir='ltr'>adfit</span> <span class='ocrx_word' id='word_1_29' title='bbox 494 599 716 672; x_wconf 78' lang='lat' dir='ltr'>modus,</span> <span class='ocrx_word' id='word_1_30' title='bbox 753 601 814 658; x_wconf 92' lang='lat' dir='ltr'>in</span> <span class='ocrx_word' id='word_1_31' title='bbox 839 600 1068 658; x_wconf 84' lang='lat' dir='ltr'>exitium</span> <span class='ocrx_word' id='word_1_32' title='bbox 1100 615 1410 660; x_wconf 84' lang='lat' dir='ltr'>vertuntur.</span> 
     </span>
     <span class='ocr_line' id='line_1_7' title="bbox 233 684 1414 760; baseline -0.002 -16"><span class='ocrx_word' id='word_1_33' title='bbox 233 685 505 744; x_wconf 71' lang='lat' dir='ltr'>amicitias</span> <span class='ocrx_word' id='word_1_34' title='bbox 532 684 663 743; x_wconf 87' lang='lat' dir='ltr'>dum</span> <span class='ocrx_word' id='word_1_35' title='bbox 694 684 1072 760; x_wconf 85' lang='lat' dir='ltr'>magnitudine</span> <span class='ocrx_word' id='word_1_36' title='bbox 1100 703 1414 758; x_wconf 85' lang='lat' dir='ltr'>munerum,</span> 
     </span>
     <span class='ocr_line' id='line_1_8' title="bbox 234 767 1414 846; baseline -0.003 -17"><span class='ocrx_word' id='word_1_37' title='bbox 234 790 357 829; x_wconf 85' lang='lat' dir='ltr'>non</span> <span class='ocrx_word' id='word_1_38' title='bbox 378 767 680 828; x_wconf 84' lang='lat' dir='ltr'>constantia</span> <span class='ocrx_word' id='word_1_39' title='bbox 699 789 917 828; x_wconf 87' lang='lat' dir='ltr'>morum</span> <span class='ocrx_word' id='word_1_40' title='bbox 940 770 1225 828; x_wconf 88' lang='lat' dir='ltr'>continere</span> <span class='ocrx_word' id='word_1_41' title='bbox 1240 785 1414 846; x_wconf 87' lang='lat' dir='ltr'>putat,</span> 
     </span>
     <span class='ocr_line' id='line_1_9' title="bbox 233 856 1419 935; baseline -0.002 -21"><span class='ocrx_word' id='word_1_42' title='bbox 233 856 438 914; x_wconf 84' lang='lat' dir='ltr'>meruit</span> <span class='ocrx_word' id='word_1_43' title='bbox 457 858 630 930; x_wconf 81' lang='lat' dir='ltr'>magis</span> <span class='ocrx_word' id='word_1_44' title='bbox 655 874 819 932; x_wconf 87' lang='lat' dir='ltr'>quam</span> <span class='ocrx_word' id='word_1_45' title='bbox 833 856 1051 926; x_wconf 75' lang='lat' dir='ltr'>habuit3</span> <span class='ocrx_word' id='word_1_46' title='bbox 1087 856 1419 935; x_wconf 85' lang='lat' dir='ltr'>reipublicae</span> 
     </span>
     <span class='ocr_line' id='line_1_10' title="bbox 235 938 1408 1009; baseline 0 -11"><span class='ocrx_word' id='word_1_47' title='bbox 235 939 377 998; x_wconf 85' lang='lat' dir='ltr'>haud</span> <span class='ocrx_word' id='word_1_48' title='bbox 410 938 573 998; x_wconf 91' lang='lat' dir='ltr'>dubie</span> <span class='ocrx_word' id='word_1_49' title='bbox 604 941 881 1009; x_wconf 84' lang='lat' dir='ltr'>intererat,</span> <span class='ocrx_word' id='word_1_50' title='bbox 913 938 1197 998; x_wconf 85' lang='lat' dir='ltr'>Vitellium</span> <span class='ocrx_word' id='word_1_51' title='bbox 1225 941 1408 999; x_wconf 81' lang='lat' dir='ltr'>vinci:</span> 
     </span>
     <span class='ocr_line' id='line_1_11' title="bbox 235 1022 1415 1104; baseline 0.001 -22"><span class='ocrx_word' id='word_1_52' title='bbox 235 1022 324 1083; x_wconf 83' lang='lat' dir='ltr'>sed</span> <span class='ocrx_word' id='word_1_53' title='bbox 351 1027 616 1103; x_wconf 86' lang='lat' dir='ltr'>imputare</span> <span class='ocrx_word' id='word_1_54' title='bbox 630 1024 904 1102; x_wconf 83' lang='lat' dir='ltr'>perfidiam</span> <span class='ocrx_word' id='word_1_55' title='bbox 923 1045 1037 1083; x_wconf 88' lang='lat' dir='ltr'>non</span> <span class='ocrx_word' id='word_1_56' title='bbox 1059 1023 1298 1103; x_wconf 81' lang='lat' dir='ltr'>poss&#39;unt,</span> <span class='ocrx_word' id='word_1_57' title='bbox 1317 1029 1415 1104; x_wconf 85' lang='lat' dir='ltr'>qui</span> 
     </span>
     <span class='ocr_line' id='line_1_12' title="bbox 238 1107 1412 1188; baseline 0.001 -21"><span class='ocrx_word' id='word_1_58' title='bbox 238 1110 524 1168; x_wconf 83' lang='lat' dir='ltr'>Vitellium</span> <span class='ocrx_word' id='word_1_59' title='bbox 546 1107 874 1186; x_wconf 75' lang='lat' dir='ltr'>Vespasiano</span> <span class='ocrx_word' id='word_1_60' title='bbox 896 1110 1205 1188; x_wconf 74' lang='lat' dir='ltr'>prodidere,</span> <span class='ocrx_word' id='word_1_61' title='bbox 1232 1132 1355 1170; x_wconf 88' lang='lat' dir='ltr'>cum</span> <span class='ocrx_word' id='word_1_62' title='bbox 1380 1131 1412 1168; x_wconf 85' lang='lat' dir='ltr'>a</span> 
     </span>
     <span class='ocr_line' id='line_1_13' title="bbox 237 1192 1413 1275; baseline 0.001 -22"><span class='ocrx_word' id='word_1_63' title='bbox 237 1195 409 1254; x_wconf 81' lang='lat' dir='ltr'>Galba</span> <span class='ocrx_word' id='word_1_64' title='bbox 435 1192 790 1255; x_wconf 80' lang='lat' dir='ltr'>dcsciviffent.</span> <span class='ocrx_word' id='word_1_65' title='bbox 842 1198 1123 1275; x_wconf 81' lang='lat' dir='ltr'>praecipiti</span> <span class='ocrx_word' id='word_1_66' title='bbox 1158 1198 1216 1254; x_wconf 91' lang='lat' dir='ltr'>in</span> <span class='ocrx_word' id='word_1_67' title='bbox 1250 1218 1413 1256; x_wconf 87' lang='lat' dir='ltr'>occa-</span> 
     </span>
     <span class='ocr_line' id='line_1_14' title="bbox 235 1280 1413 1360; baseline -0.001 -20"><span class='ocrx_word' id='word_1_68' title='bbox 235 1280 351 1340; x_wconf 82' lang='lat' dir='ltr'>sum</span> <span class='ocrx_word' id='word_1_69' title='bbox 374 1281 486 1355; x_wconf 86' lang='lat' dir='ltr'>die,</span> <span class='ocrx_word' id='word_1_70' title='bbox 513 1282 587 1339; x_wconf 88' lang='lat' dir='ltr'>ob</span> <span class='ocrx_word' id='word_1_71' title='bbox 609 1301 869 1360; x_wconf 87' lang='lat' dir='ltr'>pavorem</span> <span class='ocrx_word' id='word_1_72' title='bbox 900 1280 1299 1358; x_wconf 86' lang='lat' dir='ltr'>magistratuum</span> <span class='ocrx_word' id='word_1_73' title='bbox 1333 1282 1413 1339; x_wconf 87' lang='lat' dir='ltr'>se-</span> 
     </span>
     <span class='ocr_line' id='line_1_15' title="bbox 234 1364 1411 1444; baseline -0.003 -19"><span class='ocrx_word' id='word_1_74' title='bbox 234 1384 623 1444; x_wconf 83' lang='lat' dir='ltr'>natorumque,</span> <span class='ocrx_word' id='word_1_75' title='bbox 660 1369 757 1444; x_wconf 89' lang='lat' dir='ltr'>qui</span> <span class='ocrx_word' id='word_1_76' title='bbox 790 1364 981 1444; x_wconf 81' lang='lat' dir='ltr'>dilapfi</span> <span class='ocrx_word' id='word_1_77' title='bbox 1019 1386 1089 1424; x_wconf 84' lang='lat' dir='ltr'>ex</span> <span class='ocrx_word' id='word_1_78' title='bbox 1127 1369 1276 1441; x_wconf 87' lang='lat' dir='ltr'>urbe,</span> <span class='ocrx_word' id='word_1_79' title='bbox 1315 1381 1411 1424; x_wconf 87' lang='lat' dir='ltr'>aut</span> 
     </span>
     <span class='ocr_line' id='line_1_16' title="bbox 235 1450 1410 1531; baseline -0.002 -20"><span class='ocrx_word' id='word_1_80' title='bbox 235 1471 334 1531; x_wconf 83' lang='lat' dir='ltr'>per</span> <span class='ocrx_word' id='word_1_81' title='bbox 346 1452 542 1511; x_wconf 76' lang='lat' dir='ltr'>domos</span> <span class='ocrx_word' id='word_1_82' title='bbox 559 1451 842 1511; x_wconf 86' lang='lat' dir='ltr'>clientium</span> <span class='ocrx_word' id='word_1_83' title='bbox 859 1450 1020 1509; x_wconf 87' lang='lat' dir='ltr'>semet</span> <span class='ocrx_word' id='word_1_84' title='bbox 1037 1453 1410 1524; x_wconf 82' lang='lat' dir='ltr'>occultabant,</span> 
     </span>
     <span class='ocr_line' id='line_1_17' title="bbox 236 1534 1425 1615; baseline 0 -20"><span class='ocrx_word' id='word_1_85' title='bbox 236 1538 426 1597; x_wconf 84' lang='lat' dir='ltr'>vocari</span> <span class='ocrx_word' id='word_1_86' title='bbox 455 1534 670 1595; x_wconf 80' lang='lat' dir='ltr'>senatus</span> <span class='ocrx_word' id='word_1_87' title='bbox 700 1555 815 1594; x_wconf 87' lang='lat' dir='ltr'>non</span> <span class='ocrx_word' id='word_1_88' title='bbox 848 1538 1047 1615; x_wconf 88' lang='lat' dir='ltr'>potuit.</span> <span class='ocrx_word' id='word_1_89' title='bbox 1136 1539 1425 1595; x_wconf 86' lang='lat' dir='ltr'>Domitia--</span> 
     </span>
     <span class='ocr_line' id='line_1_18' title="bbox 235 1620 1423 1701; baseline 0.002 -22"><span class='ocrx_word' id='word_1_90' title='bbox 235 1641 391 1696; x_wconf 88' lang='lat' dir='ltr'>num,</span> <span class='ocrx_word' id='word_1_91' title='bbox 424 1621 710 1701; x_wconf 78' lang='lat' dir='ltr'>postquam</span> <span class='ocrx_word' id='word_1_92' title='bbox 738 1620 877 1679; x_wconf 84' lang='lat' dir='ltr'>nihil</span> <span class='ocrx_word' id='word_1_93' title='bbox 910 1620 1098 1679; x_wconf 83' lang='lat' dir='ltr'>hostile</span> <span class='ocrx_word' id='word_1_94' title='bbox 1133 1624 1423 1681; x_wconf 64' lang='lat' dir='ltr'>snt-tueha·-</span> 
     </span>
     <span class='ocr_line' id='line_1_19' title="bbox 236 1704 1424 1785; baseline 0.003 -21"><span class='ocrx_word' id='word_1_95' title='bbox 236 1721 348 1779; x_wconf 85' lang='lat' dir='ltr'>tur,</span> <span class='ocrx_word' id='word_1_96' title='bbox 390 1706 459 1764; x_wconf 87' lang='lat' dir='ltr'>ad</span> <span class='ocrx_word' id='word_1_97' title='bbox 486 1706 652 1766; x_wconf 73' lang='lat' dir='ltr'>duces</span> <span class='ocrx_word' id='word_1_98' title='bbox 696 1708 934 1785; x_wconf 86' lang='lat' dir='ltr'>partium</span> <span class='ocrx_word' id='word_1_99' title='bbox 968 1704 1325 1785; x_wconf 83' lang='lat' dir='ltr'>progreffum‚</span> <span class='ocrx_word' id='word_1_100' title='bbox 1355 1726 1424 1768; x_wconf 63' lang='lat' dir='ltr'>et</span> 
     </span>
     <span class='ocr_line' id='line_1_20' title="bbox 236 1790 1413 1871; baseline 0.003 -23"><span class='ocrx_word' id='word_1_101' title='bbox 236 1790 513 1852; x_wconf 84' lang='lat' dir='ltr'>Caesarem</span> <span class='ocrx_word' id='word_1_102' title='bbox 530 1790 948 1866; x_wconf 86' lang='lat' dir='ltr'>consalutatum,</span> <span class='ocrx_word' id='word_1_103' title='bbox 963 1792 1118 1850; x_wconf 78' lang='lat' dir='ltr'>miles</span> <span class='ocrx_word' id='word_1_104' title='bbox 1131 1790 1413 1871; x_wconf 74' lang='lat' dir='ltr'>frequem,</span> 
     </span>
     <span class='ocr_line' id='line_1_21' title="bbox 235 1878 1429 1959; baseline 0.003 -24"><span class='ocrx_word' id='word_1_105' title='bbox 235 1892 409 1953; x_wconf 81' lang='lat' dir='ltr'>utque</span> <span class='ocrx_word' id='word_1_106' title='bbox 428 1892 544 1936; x_wconf 86' lang='lat' dir='ltr'>erat</span> <span class='ocrx_word' id='word_1_107' title='bbox 567 1878 626 1935; x_wconf 85' lang='lat' dir='ltr'>in</span> <span class='ocrx_word' id='word_1_108' title='bbox 649 1879 837 1946; x_wconf 79' lang='lat' dir='ltr'>armis,</span> <span class='ocrx_word' id='word_1_109' title='bbox 857 1879 929 1938; x_wconf 71' lang='lat' dir='ltr'>in</span> <span class='ocrx_word' id='word_1_110' title='bbox 961 1893 1222 1957; x_wconf 79' lang='lat' dir='ltr'>paternos</span> <span class='ocrx_word' id='word_1_111' title='bbox 1243 1897 1429 1959; x_wconf 74' lang='lat' dir='ltr'>pena·-</span> 
     </span>
     <span class='ocr_line' id='line_1_22' title="bbox 237 1960 595 2022; baseline 0.003 -1"><span class='ocrx_word' id='word_1_112' title='bbox 237 1975 321 2021; x_wconf 76' lang='lat' dir='ltr'>tes</span> <span class='ocrx_word' id='word_1_113' title='bbox 347 1960 595 2022; x_wconf 85' lang='lat' dir='ltr'>deduxit.</span> 
     </span>
    </p>
   </div>
   <div class='ocr_carea' id='block_1_3' title="bbox 476 2111 1213 2217">
    <p class='ocr_par' dir='ltr' id='par_1_3' title="bbox 476 2111 1213 2217">
     <span class='ocr_line' id='line_1_23' title="bbox 476 2111 1213 2217; baseline 0.005 -25"><span class='ocrx_word' id='word_1_114' title='bbox 476 2152 644 2193; x_wconf 77' lang='lat' dir='ltr'>‘rom</span> <span class='ocrx_word' id='word_1_115' title='bbox 675 2151 916 2195; x_wconf 70' lang='grc' dir='ltr'>τεκτιι</span> <span class='ocrx_word' id='word_1_116' title='bbox 946 2111 1150 2196; x_wconf 58' lang='lat' dir='ltr'>rimi.</span> <span class='ocrx_word' id='word_1_117' title='bbox 1206 2212 1213 2217; x_wconf 93' lang='lat'><strong>.</strong></span> 
     </span>
    </p>
   </div>
  </div>
 </body>
</html>
