1759 2975
376 150 464 216 50
564 149 1390 193 &contentiva-Aerrz

375 238 395 268 ‘
419 228 724 292 mansuram
754 227 909 290 fuiss'e
939 227 1039 291 sub
1066 230 1336 311 Pompejo
1363 236 1570 292 Bruto·

373 319 401 351 ‘
418 338 528 397 que
555 316 970 398 rempublicam.
1014 336 1166 377 nunc
1187 338 1291 399 pro
1311 322 1563 395 Othone,

372 406 487 464 ‘an
549 425 617 465 ro
634 403 887 480 Vitellio,
913 406 970 463 in
999 406 1203 486 templa
1228 406 1450 466 ituros?
1491 426 1565 465 u·
1589 456 1608 462 -

368 493 395 532 ‘-
414 426 631 571 παίξας
654 492 851 572 impias
881 510 1105 571 preces,
1135 507 1367 571 utraque
1391 491 1566 552 detes·

370 579 395 619 ί
416 578 582 639 tanda
607 593 768 651 vota,
789 578 942 637 inter
966 576 1127 652 duos,
1151 597 1395 658 quorum
1416 578 1566 640 bello

371 672 395 704 ί
417 662 590 725 solum
610 663 667 725 id
690 662 875 741 scires,
888 662 1211 725 deteriorem
1225 664 1347 724 fore
1363 668 1460 744 qui
1475 668 1566 726 vi-

369 749 394 800 ‘·
408 750 609 812 cisset0’
628 797 635 804 .
653 766 810 812 erant
823 754 923 832 qui
936 748 1322 831 Vespafianum
1340 766 1395 811 et
1407 772 1566 814 arma

370 840 618 901 Orientis
633 852 1065 917 angui-arentum
1095 852 1176 914 et,
1196 853 1260 897 ut
1281 840 1475 919 potior
1494 859 1563 901 u-

367 942 568 1007 troque
579 925 966 1007 Vespafiamls,
981 925 1060 983 ita
1075 924 1274 986 bellum
1290 924 1462 1004 aliud,
1476 941 1563 987 at·

369 1033 481 1094 que
507 1014 638 1073 alias
658 1012 843 1073 clades
862 1014 1185 1073 horrebant.
1229 1028 1286 1073 et
1309 1012 1560 1092 ambigua

365 1099 438 1160 de
452 1098 786 1180 Vespafiano
808 1098 989 1160 fama:
1035 1096 1286 1181 {blusque
1304 1100 1557 1162 omnium

365 1199 493 1248 ante
511 1185 563 1247 se
573 1186 904 1267 principum,
918 1187 977 1245 in
993 1184 1443 1248 meliusmutatus
1455 1185 1552 1248 est.

365 1280 536 1335 Nunc
557 1272 719 1332 initia
741 1271 1049 1352 caussasque
1063 1273 1546 1335 motusviteuiani
1560 1293 1597 1352 ς
1616 1297 1645 1341 1

366 1358 678 1439 expediam.
725 1357 895 1417 Caeso
926 1379 1053 1419 cum
1085 1360 1347 1421 omnibus
1378 1362 1556 1442 copiis

367 1446 521 1526 Julio
544 1446 815 1522 Vindice,
853 1445 1016 1506 ferox
1048 1446 1243 1526 praeda
1272 1448 1560 1529 gloriaque

365 1536 667 1611 exercitus,
698 1549 763 1592 ut
786 1534 875 1594 cui
894 1532 1004 1594 fine
1022 1533 1207 1594 labore
1224 1555 1288 1596 ac
1310 1535 1560 1615 periculo

364 1621 604 1683 ditissimi
627 1621 753 1682 belli
774 1621 1009 1683 victoria
1030 1619 1312 1696 evenisset,
1332 1623 1560 1703 expedi·

363 1712 577 1770 tionem
595 1724 653 1767 et
675 1708 869 1775 aciem,
907 1708 1144 1787 praemia
1165 1725 1333 1786 quam
1353 1707 1561 1789 stipen-

364 1796 456 1854 dia
478 1795 747 1870 malebam
785 1794 990 1873 diuque
1012 1792 1398 1854 infructuosam
1423 1810 1479 1855 et
1497 1816 1559 1855 a·

361 1878 566 1960 speram
583 1881 834 1940 militiam
847 1881 1198 1956 toleraverat,
1209 1881 1432 1958 ingenio
1442 1881 1560 1944 ioci

362 1969 634 2047 coelique,
645 1981 700 2025 et
711 1964 1000 2027 severitate
1013 1966 1358 2048 disciplinae3
1385 1987 1558 2046 quam

364 2055 422 2113 in
450 2073 582 2133 pace
607 2055 999 2113 inexorabilem
1027 2052 1326 2114 discordiae
1347 2057 1557 2115 civium
1631 2064 1638 2073 ⁴

363 2138 668 2216 resolvunt,
685 2144 890 2219 paratis
916 2142 1194 2220 utrimque
1211 2143 1557 2220 corruptori-

361 2229 497 2297 bus,
531 2243 587 2286 et
615 2225 834 2307 perfidia
856 2229 1145 2307 impunita.
1192 2227 1334 2303 viri,
1366 2247 1555 2305 arma,

359 2315 512 2394 equi,
546 2313 614 2374 ad
644 2311 796 2374 usum
828 2330 885 2373 et
913 2314 979 2373 ad
1012 2314 1178 2373 decus
1206 2312 1552 2391 supererant.

359 2400 450 2461 sed
469 2415 595 2460 ante
623 2401 847 2475 benum,
878 2403 1153 2460 centurias
1180 2414 1395 2458 tantum
1424 2397 1553 2461 suas

361 2485 672 2570 turmasque
699 2503 1002 2561 noverant3
1048 2488 1317 2549 exercitus
1339 2483 1550 2549 finibus
