1759 2975
394 150 521 199 220
619 124 1108 197 eJconutmt
1144 120 1477 194 raeiri.

389 235 603 291 tonium
634 230 859 291 fortuna
896 230 1144 311 famaque
1171 234 1419 290 omnium
1440 250 1575 292 ocu-

382 319 452 386 lis
489 314 849 396 exposuerat3
899 317 947 374 is
985 318 1260 389 balineas,
1302 312 1579 378 abluendo

383 405 587 475 cruori,
611 422 844 483 propere
864 405 1033 482 petit;
1084 418 1314 482 excepta
1328 423 1446 462 vox
1463 401 1567 464 esta

380 510 501 549 cum
518 505 762 566 teporem
778 485 1070 563 incusaret,
1093 488 1114 520 ‘
1131 486 1307 548 statim
1322 487 1567 549 futurum

372 571 1565 651 ‘utincalescerentssverniledictumomnem

376 658 645 721 invidiam
675 662 735 720 in
759 679 884 719 curn
917 663 1106 735 vertit,
1137 675 1403 740 tanquam
1434 658 1563 737 ‘fig-

377 767 514 806 num
555 744 935 807 incendendae
959 751 1265 806 Cremonae
1298 745 1564 821 dediffet,’

376 853 518 913 quae
547 834 665 911 jam
690 832 969 910 flagrabat.
1063 833 1432 910 Quadraginta
1459 852 1546 891 ar·
1569 837 1599 897 3
1613 835 1642 895 3

371 935 653 980 matorum
672 919 841 978 millia
856 919 1125 997 irrupere,
1138 919 1395 979 calonum
1417 916 1560 977 lixa·

371 1024 605 1084 rumque
626 1006 862 1084 amplior
890 1025 1171 1078 numerus,
1209 1019 1265 1063 et
1295 1005 1353 1062 in
1374 1002 1557 1062 libidi-

369 1111 499 1150 nem
531 1110 595 1150 ac
619 1087 896 1148 saevitiam
913 1092 1248 1167 corruptior.
1292 1109 1410 1148 non
1438 1086 1560 1168 dig-

365 1177 538 1247 nitas,
563 1194 677 1234 non
703 1190 849 1232 aetas
870 1176 1212 1252 protegebat,
1237 1194 1354 1253 quo
1374 1175 1559 1234 minus

363 1258 547 1342 stupra
583 1258 860 1332 caedibus,
903 1257 1094 1317 caedes
1125 1257 1322 1335 stupris
1361 1258 1559 1320 misce-

365 1361 578 1406 rentur.
620 1344 966 1422 grandaevos
983 1341 1157 1419 senes,
1172 1348 1360 1403 exacta
1375 1360 1560 1407 aetate

363 1429 619 1508 seminas,
645 1429 780 1491 viles
800 1428 864 1490 ad
881 1427 1195 1510 praedam,
1182 1451 1238 1490 m
1257 1427 1557 1493 ludibrium

367 1521 674 1581 trahebant.
729 1520 822 1579 ubi
855 1517 1042 1578 adulta
1072 1519 1255 1595 virgo,
1292 1531 1387 1576 aut
1423 1521 1555 1596 quis

365 1604 545 1665 forma
581 1604 910 1684 conspicuus
943 1602 1232 1678 incidisset,
1271 1604 1328 1662 vi
1369 1605 1553 1662 mani-

361 1690 570 1771 busque
580 1693 906 1770 rapientium
920 1687 1334 1770 divulsus,ipsos
1348 1685 1552 1768 postre-

359 1796 459 1838 mo
486 1776 787 1856 direptores
805 1778 864 1834 in
889 1790 1134 1834 mutuam
1164 1776 1462 1854 perniciem
1491 1794 1548 1832 a·

359 1863 550 1941 gebatg
604 1862 735 1922 dum
763 1862 1070 1939 pecuniam,
1095 1860 1185 1919 vel
1204 1860 1391 1938 gravia
1412 1879 1551 1919 auro

358 1948 692 2048 ternpiorum
715 1947 889 2021 dona,
930 1945 1022 2008 fibi
1049 1944 1276 2026 quisque
1299 1948 1547 2020 trahunt,

355 2033 568 2112 majore
599 2031 835 2091 aliorum
873 2034 930 2091 vi
965 2034 1377 2092 truncabantur.
1421 2033 1546 2110 qui·

358 2117 485 2196 dam
495 2119 662 2179 obvia
671 2115 958 2195 aspernati,
969 2119 1289 2177 verberibus
1303 2132 1544 2176 tormen·

356 2189 536 2285 risque
564 2201 937 2276 dominorum,
965 2202 1145 2263 abdita
1178 2201 1425 2277 scrutari,
1447 2199 1544 2262 de·

357 2290 494 2372 fpss'a
520 2308 728 2351 eruere.
792 2288 982 2350 faces
967 2310 1025 2348 ιιι
1053 2290 1337 2348 manibus=
1382 2306 1548 2368 quae,

353 2380 448 2438 ubi
489 2375 739 2458 praedam
770 2373 1143 2454 egess’erant,
1126 2396 1185 2434 m
1219 2393 1418 2432 vacuas
1441 2372 1546 2433 do·

352 2483 501 2543 mos,
517 2479 575 2525 et
596 2461 780 2524 inania
799 2459 1022 2544 templa,
1047 2480 1143 2541 per
1164 2457 1475 2523 lasciviam·
1449 2479 1548 2542 Ja-

1708 1140 1711 1179 i

1710 1300 1711 1351 1
