1759 2975
358 134 475 194 142
578 135 641 178 c.
668 134 1061 176 εοιιηιιι
1098 134 1398 178 macr-rr

349 237 524 299 nuper
548 207 808 290 adscitus,
847 219 1058 294 magnis
1086 217 1387 277 inimicitiis
1419 218 1539 280 cla-

345 302 588 367 resceret.
606 302 988 362 moderatione
1000 301 1285 362 meliorum
1294 303 1540 385 diremp-

350 392 412 452 ti.
470 403 527 448 et
557 390 764 448 rediere
796 407 995 448 omnes
1022 391 1327 449 Bononiam
1346 431 1364 458 ,
1410 410 1539 449 rur*

350 474 438 535 sut
460 457 831 546 confiliatur13
862 472 1015 534 limul
1045 473 1230 534 medio
1247 478 1539 554 temporis,

352 561 538 643 plures
574 563 760 621 nuntii
796 557 1170 639 sperabantur.
1216 563 1539 637 Bononiae,

351 646 537 709 divifls
585 665 684 726 per
728 647 928 706 itinera
978 647 1077 724 qui
1120 646 1536 707 recentissimum

354 753 626 814 quemque
649 736 1148 812 percunstarentur,
1174 734 1537 810 interrogatus

356 821 603 882 Othonis
615 819 842 880 libertus
869 818 889 851 ‘
900 816 1132 879 eauss’am
1149 817 1373 897 digress'u
1381 821 1537 893 εμπι-

353 907 374 942 ⁴
401 908 531 968 bere
557 905 613 967 se
634 901 880 987 suprema
900 905 1021 984 ejus
1041 903 1302 966 mandata
1317 902 1538 984 respon·

356 992 378 1027 ‘
401 992 515 1053 dit:
540 990 717 1072 ipsum
734 995 1020 1053 viventem
1033 990 1253 1071 quidem
1269 991 1539 1065 relietum,

355 1079 377 1110 ‘
403 1077 495 1137 sed
519 1077 629 1137 sola
657 1076 987 1153 posteritatis
1011 1098 1171 1150 cura,
1207 1091 1263 1135 et
1290 1077 1539 1155 abruptis

355 1161 377 1194 ‘
400 1161 547 1221 vitae
581 1160 1018 1219 blandimentis?
1055 1163 1188 1219 hinc
1223 1153 1544 1238 admiratio,

352 1259 410 1303 et
423 1245 581 1324 plura
596 1243 973 1319 interrogandi
990 1244 1192 1323 pudor.
1235 1259 1403 1322 atque
1415 1266 1545 1305 om-

355 1332 513 1388 nium
549 1330 718 1388 animi
753 1330 814 1388 in
853 1328 1139 1389 Vitellium
1178 1330 1545 1393 inclinavere.

356 1422 630 1476 Intererat
641 1412 879 1474 confinis
892 1413 1518 1495 fraterejusLNitellius
1524 1431 1582 1493 ,ς
1592 1432 1634 1489 4

358 1501 522 1583 seque
543 1502 659 1580 jam
689 1501 1040 1562 adulantibus
1069 1500 1369 1574 offen-chau
1413 1525 1544 1565 cum

359 1604 584 1669 repente
604 1594 829 1649 Coenus
849 1588 1075 1649 libertus
1090 1590 1354 1661 Neronis,
1370 1591 1543 1649 atroci

354 1674 646 1734 mendacio
672 1672 956 1733 universos
979 1675 1231 1754 perculit,
1266 1674 1543 1735 affirmans

361 1768 380 1794 ⁸
411 1760 732 1839 superventu
771 1760 1235 1838 quartaedecimae
1270 1761 1504 1837 legionis
1522 1784 1554 1835 ,’

358 1845 379 1890 ⁴
404 1846 614 1923 junctis
638 1864 669 1903 a
693 1843 939 1902 Brixello
966 1845 1198 1915 viribus,
1216 1844 1400 1906 caesos
1424 1847 1542 1905 vic-

280 1932 289 1937 '
359 1937 378 1963 ‘
408 1926 795 2001 tores,versam
808 1932 1045 2008 partium
1057 1926 1545 1993 fortunam.’caus-

360 2012 413 2074 sa
444 2013 682 2091 fingendi
711 2011 838 2087 fuit,
871 2027 935 2072 ut
956 2013 1254 2093 diplomata
1277 2019 1545 2090 Othonia,

359 2120 499 2180 quae
523 2099 956 2176 negligebantur,
989 2100 1214 2161 laetiore
1235 2105 1436 2162 nuntio
1460 2124 1545 2161 re·

359 2184 710 2247 valescerent.
754 2200 811 2243 et
827 2189 1053 2246 Coenus
1075 2188 1294 2266 quidem
1322 2187 1543 2265 rapidus

359 2274 420 2332 in
443 2274 631 2331 urbem
654 2274 866 2343 venus,
892 2291 1095 2349 paucos
1120 2272 1239 2350 post
1264 2273 1402 2344 dies,
1424 2271 1541 2347 jus·

362 2359 422 2417 su
443 2356 656 2417 Vitellii
673 2374 879 2436 poenas
898 2357 1021 2415 luit.
1075 2356 1379 2416 senatorum
1398 2360 1546 2433 peri-

358 2444 542 2506 eulum
565 2446 802 2520 austum,
834 2441 1186 2505 credentibus
1210 2442 1548 2507 Othonianis
