1759 2975
414 91 504 172 ’48
608 107 1084 154 &contentu
1122 103 1420 149 τΑοιτί

413 211 554 255 tum.
576 190 786 250 Pisonis
800 189 1097 271 supremam
1114 190 1445 249 voluntatem
1463 207 1590 268 pau·

382 311 386 318 ·
412 298 590 361 pertas
608 277 865 337 firmavit.
955 277 1155 335 Galbae
1169 291 1364 354 corpus
1386 276 1477 334 diu
1494 292 1676 353 ne·49

406 367 666 441 gleemm,
677 378 731 421 et
746 364 965 422 licentia
979 364 1318 421 tenebrarum
1336 361 1588 442 plurimis

406 451 656 511 ludibriis
678 465 937 508 vexatum
957 486 974 519 ,
997 446 1326 529 dispensator
1347 450 1547 525 Argius
1562 487 1585 518 ,

403 558 438 596 e
467 537 742 616 prioribus
760 533 951 607 (ἒτνίε,
990 535 1184 593 humili
1219 532 1487 615 sepultura
1519 537 1586 594 in

402 624 630 703 privatis
647 621 766 697 ejus
788 624 972 679 hortis
995 620 1259 680 contexit.
1304 634 1472 700 caput
1490 641 1591 699 per

403 711 544 770 lixas
560 706 882 786 calonesque
896 704 1170 778 suffixum,
1187 705 1589 786 laceratumque

404 811 530 856 ante
553 795 790 854 Patrobii
813 793 1083 852 tumulum
1107 789 1359 863 <libertas
1384 795 1432 851 is
1467 800 1588 853 Ne-

406 885 559 942 ronis
589 883 811 962 punitus
846 901 880 938 a
908 879 1085 939 Galba
1119 878 1340 953 fizerat)
1371 878 1592 959 postera

402 969 622 1030 ‘demum
658 967 747 1026 die
769 980 1036 1045 repertum
1056 1008 1074 1035 ,
1111 979 1167 1024 et
1193 981 1432 1023 cremato
1458 966 1583 1042 jam

402 1055 618 1133 corpori
635 1052 942 1112 admixtum
957 1050 1051 1110 est.
1097 1055 1246 1111 hunc
1260 1054 1470 1111 exitum
1487 1054 1592 1111 ha-

404 1143 523 1202 buit
543 1148 655 1198 Ser.
672 1138 843 1196 Galba
866 1138 1039 1196 tribus
1061 1151 1116 1195 et
1135 1136 1467 1217 septuaginta
1486 1158 1590 1198 an·

402 1230 513 1299 nis,
537 1228 786 1303 quinque
809 1225 1075 1302 principes
1102 1225 1352 1302 prospera
1362 1223 1590 1286 fortuna

400 1309 594 1372 emens
585 1332 613 1368 u
623 1331 668 1378 s,
679 1323 735 1368 et
747 1308 952 1368 alieno
940 1314 1168 1388 imperio
1180 1310 1585 1392 felicior,quam

402 1399 519 1460 suo,
566 1412 727 1456 vetus
745 1398 802 1455 in
827 1395 1028 1455 familia
1052 1397 1330 1466 nobilitas,
1351 1416 1585 1476 magnae

402 1506 567 1565 opes;
594 1481 690 1563 ipfi
707 1481 975 1542 medium
961 1486 1264 1563 ingenium,
1291 1486 1462 1560 magis
1479 1505 1580 1544 ex·

402 1589 486 1632 tra
505 1574 639 1632 vitia
667 1591 828 1647 quam
868 1590 993 1629 cum
1023 1572 1340 1631 virtutibus·
1404 1569 1580 1631 famae

402 1680 504 1719 nec
527 1654 827 1717 incuriosus
846 1699 864 1728 ,
892 1677 993 1716 nec
1016 1656 1345 1716 venditator.
1410 1677 1579 1735 pecu·

399 1749 522 1803 niae
545 1741 748 1800 alienae
767 1761 885 1800 non
910 1756 1194 1820 appetens,
1216 1741 1339 1802 suae
1361 1760 1579 1823 parcus„

397 1829 638 1909 publicae
653 1844 865 1886 avarus„
915 1829 1214 1887 amicorum
1228 1828 1572 1888 libertorum·

397 1935 525 1993 que,
547 1915 638 1972 ubi
659 1914 718 1970 in
740 1915 923 1971 bonos
943 1911 1233 1988 incidisset,
1261 1914 1372 1974 fine
1394 1934 1572 1992 repre-

396 2000 655 2059 henfione
671 2001 912 2078 patiens:
940 1996 975 2056 fi
1002 1999 1127 2058 mali
1162 1999 1347 2060 forent
1364 2045 1381 2070 ,
1406 2000 1572 2079 usque

395 2086 461 2146 ad
499 2086 713 2164 culpam
752 2087 996 2162 ignarus·
1059 2084 1146 2144 se'd
1171 2087 1383 2147 claritas
1414 2103 1570 2148 nata-

395 2174 550 2241 lium,
572 2187 627 2229 et
654 2187 830 2231 metus
848 2187 1159 2249 temporum
1191 2175 1438 2232 obtentui
1460 2217 1481 2248 ,
1508 2191 1570 2234 ut

394 2258 546 2336 quod
563 2257 785 2332 segnitia
806 2271 922 2315 erat
938 2299 957 2330 ,
985 2255 1245 2336 sapientia
1261 2275 1567 2320 vocaretur.

395 2345 524 2405 dum
546 2346 762 2421 vigebat
780 2359 928 2403 aetas
946 2387 964 2417 ,
988 2343 1207 2404 militari
1230 2345 1384 2404 laude
1421 2347 1566 2424 apud

395 2432 712 2493 Germanias
732 2432 944 2493 florum
983 2429 1308 2513 proconsule
1324 2429 1567 2496 Africam
