1759 2975
391 183 982 229 HISTORIARUM
1016 185 1148 227 1018.
1177 187 1224 227 1.
1317 181 1402 246 29

220 285 345 326 nus.
391 269 440 325 is
474 265 856 343 magnitudine
876 266 1038 326 subiti
1062 264 1296 338 sceleris,
1327 284 1403 324 an

219 367 478 431 corrupta
499 351 667 411 latius
692 349 882 425 castra,
911 374 974 411 ac
995 350 1032 411 fi
1063 366 1257 411 contra
1280 367 1403 409 ten-

217 437 397 510 deret,
417 438 648 495 exitium
664 452 934 511 manem,
957 439 1200 518 praebuit
1217 434 1405 515 pleris-

217 543 331 600 que
355 519 709 601 suspicionem
739 522 1124 582 conscientiae.
1171 538 1407 600 antepo-

220 607 374 680 suere
393 610 551 666 ceteri
567 628 791 687 quoque
805 611 1013 668 tribuni
1030 604 1405 668 centuriones·

217 712 328 772 que
345 692 645 773 praesentia
660 695 842 754 dubiis
863 710 919 752 et
940 693 1205 754 honestis,
1251 691 1404 771 isque

215 780 432 839 habitus
449 782 761 840 animorum
778 780 905 855 fuit,
936 795 997 839 ut
1021 780 1298 860 peffimum
1317 777 1403 837 fa·

215 867 375 926 cinus
413 865 680 926 auderent
716 868 877 944 pauci
897 908 918 939 ‚
953 867 1140 944 plures
1179 864 1404 939 vellent,

130 967 412 1029 29omnes
459 965 802 1028 paterentur.
906 958 1144 1028 Ignarus
1183 951 1402 1008 interim

213 1037 390 1100 Galba
414 1050 470 1095 et
492 1033 658 1094 sacris
679 1037 953 1113 intexam,
982 1034 1246 1113 fatigabat
1268 1033 1400 1094 alie·

210 1123 401 1198 nijam
416 1123 626 1199 imperii
642 1121 776 1181 deos
792 1143 808 1180 ε
828 1142 953 1182 cum
970 1120 1196 1181 affertur
1211 1140 1400 1181 rumor

207 1207 231 1247 ⁴
254 1210 374 1287 rapi
397 1209 457 1267 in
479 1207 669 1281 castra,
697 1210 965 1268 incertum
991 1229 1155 1287 quem
1178 1205 1398 1267 senato-

210 1293 233 1326 ‘
254 1315 368 1354 rem
380 1336 402 1369 ,
440 1314 577 1354 mox
608 1297 888 1354 Othonem
917 1292 1023 1354 effe
1052 1297 1147 1374 qui
1182 1313 1399 1375 rapere·

201 1379 229 1416 ‘
253 1396 363 1440 tur.
383 1383 401 1407 ²
457 1379 612 1440 fimul
637 1401 711 1439 ex
735 1396 855 1440 tota
882 1382 1039 1456 urbe,
1070 1396 1134 1439 ut
1165 1377 1396 1461 quisque

202 1468 403 1529 obvius
433 1465 636 1543 fuerat,
665 1469 759 1528 alii
787 1466 1085 1531 formidine
1104 1481 1396 1545 augentes»,

203 1554 431 1634 quidam
464 1555 683 1613 minora
712 1572 877 1626 veto„
913 1574 985 1611 ne
1013 1567 1132 1612 tum
1169 1551 1393 1630 quidem

201 1640 367 1705 obliti
385 1637 740 1698 adulationi&
768 1639 939 1714 igitur
951 1636 1393 1697 consultantibus

203 1725 412 1805 placuit
452 1725 472 1756 ‘
497 1725 798 1804 pertentari
836 1725 1085 1785 animum
1115 1725 1389 1799 cohortis,

201 1809 227 1843 ‘
247 1811 467 1890 quaein
497 1811 701 1890 palatio
724 1808 1014 1871 stationem
1037 1813 1251 1888 agebat,
1280 1830 1387 1871 nec

200 1895 224 1936 ⁴
245 1917 347 1976 per
373 1893 545 1975 ipsum
565 1896 817 1971 Galbam,
839 1898 999 1974 cujus
1020 1898 1239 1975 integra·
1254 1918 1386 1958 auc·

200 1982 222 2014 ‘
243 1982 437 2043 toritas
452 1982 752 2067 majoribus
765 1983 1017 2042 remediis
1030 1983 1385 2044 servabatur!

199 2067 329 2129 Piso
359 2087 462 2147 pro
498 2068 753 2146 gradibus
790 2068 988 2130 domus
1017 2085 1272 2143 vocatos,
1315 2072 1384 2131 in·

197 2155 349 2215 hunc
366 2151 586 2212 modurn
606 2153 873 2215 allocutus
891 2155 996 2217 est:
1024 2156 1042 2189 ‘
1058 2155 1245 2217 sextus
1260 2148 1390 2216 dios

196 2241 219 2272 ‘
241 2242 459 2319 agitur,
480 2241 917 2316 commilitones„
942 2263 1013 2301 ex
1027 2262 1140 2322 quo
1158 2244 1383 2318 ignarus

195 2325 217 2357 ‘
239 2325 433 2399 futuri,
456 2339 512 2382 et
527 2323 632 2385 five
647 2326 952 2406 optandum
969 2331 1299 2391 hoonomen
1314 2324 1382 2383 fi-

195 2410 217 2444 ‘
241 2433 308 2471 ve
327 2410 625 2470 timendum
643 2427 781 2487 erat,
805 2413 999 2472 Caesar
1017 2412 1210 2470 ascitus
1228 2411 1343 2467 sum
1361 2428 1384 2468 ε

195 2494 219 2529 ⁴
242 2517 354 2579 quo
384 2496 584 2557 domus
606 2497 821 2557 nostrae
835 2514 929 2557 aut
951 2496 1275 2581 reipublicae
1299 2488 1386 2553 fa-

717 2589 842 2665 133
