1759 2975
342 158 925 210 ιιιετοιιΑιιηι
959 166 1092 208 mn.
1117 165 1224 208 ιιι.
1288 151 1421 212 225

227 250 484 324 perverti,
525 244 650 304 satis
686 247 860 323 patuit
884 247 953 304 iis
981 246 1076 324 qui
1099 244 1410 323 principum

224 330 462 391 offensas
499 332 695 389 acriter
739 329 1103 411 speculantur,
1144 330 1298 388 datae
1330 334 1402 389 L.

223 417 461 477 Vitellio
481 416 773 476 delationis
803 432 1000 496 partes.
1048 416 1139 476 ille
1162 412 1400 474 infensus

219 501 432 574 Blaeso,
467 501 827 562 aemulatione
863 523 1063 581 prava,
1099 502 1249 580 quod
1273 521 1398 560 eum

220 591 379 647 omni
409 587 671 649 dedecore
694 586 1050 663 maculosum,
1081 582 1297 666 egregia
1317 587 1398 646 fa-

214 693 304 734 ma
326 674 587 744 anteibat,
607 674 917 735 cubiculum
940 676 1285 755 imperatoris
1311 693 1396 732 re-

212 760 379 820 serate
432 760 603 820 filium
633 761 754 837 ejus
787 759 904 819 finu
941 760 1294 838 complexus,
1337 775 1395 817 et

211 848 445 923 genibus
480 845 756 921 accidens,
792 843 1019 907 caussam
1053 843 1395 905 confusionis

211 935 524 1008 quaerenti,
566 931 586 962 ‘
610 951 726 990 non
759 929 810 989 se
830 934 1056 1011 proprio
1085 945 1252 1004 metu,
1291 951 1395 990 nec

210 1017 233 1050 ‘
260 1015 335 1077 sui
362 1021 609 1086 anxium,
647 1015 733 1075 sed
758 1035 861 1093 pro
884 1015 1070 1089 fi'atre,
1095 1036 1197 1095 pro
1227 1018 1409 1076 liber-

208 1109 230 1135 ‘
261 1106 331 1162 tis
347 1102 549 1171 fratris,
563 1103 1119 1182 preceslacrymasque
1132 1104 1385 1164 attulisse,

206 1188 230 1222 ‘
253 1188 444 1250 frustra
468 1187 847 1268 Vespasianum
874 1191 1071 1264 timeri,
1111 1211 1271 1270 quem
1298 1207 1405 1251 tor·

203 1281 224 1309 4
253 1280 608 1340 Germanicae
635 1276 899 1353 legiones,
945 1292 1042 1336 tot·
1067 1281 1408 1356 provinciae·

200 1363 227 1396 ‘
250 1365 455 1423 virtute
477 1385 539 1423 ac
562 1361 686 1433 fide,
716 1377 931 1422 tantum
956 1364 1196 1442 denique
1217 1379 1409 1423 terra-'

205 1449 228 1482 ‘
250 1470 368 1508 rum
392 1470 456 1509 ac
481 1449 649 1510 maris
679 1446 951 1507 immenfis
972 1448 1155 1526 spatiis
1177 1464 1407 1510 arce-an*

203 1536 226 1569 ‘
251 1537 309 1594 in
337 1538 468 1594 urbe
490 1555 552 1593 ac
578 1531 689 1592 finu
713 1532 1014 1591 cavendum
1035 1533 1260 1602 hostem,
1279 1543 1382 1611 Ju-

131 1630 154 1656 ··
202 1620 226 1654 4
255 1623 379 1678 nios
399 1616 1262 1698 Antoniosqueavosjaetantem,
1280 1622 1395 1699 qui·

201 1706 225 1740 4
250 1705 302 1765 se
332 1705 489 1786 stirpe
514 1706 882 1784 imperatoria,
911 1725 1124 1765 comem
1145 1725 1209 1765 ae
1232 1727 1399 1785 mag·-⁴

201 1794 224 1827 4
247 1789 465 1851 uilicum
483 1792 745 1852 militibus
760 1790 1007 1851 ostentet.
1052 1790 1230 1852 versas
1245 1792 1393 1853 illuc·

199 1880 223 1912 4
247 1879 494 1938 omnium
527 1892 766 1951 mentes,
799 1876 931 1936 dum
954 1877 1212 1938 Vitellius
1243 1882 1393 1939 ami-

195 1963 219 1997 4
240 1984 432 2025 corum
458 1965 917 2043 inimicorumque
951 1964 1254 2043 negligens,
1289 1966 1375 2025 fo-

197 2052 218 2084 ‘
241 2067 333 2112 vet
350 2050 642 2126 aemulum,
662 2051 928 2131 principis
958 2050 1171 2110 labores
1190 2072 1219 2110 e
1235 2075 1375 2113 con-

197 2138 217 2169 ‘
240 2140 395 2197 vivio
419 2136 868 2218 prospefiantem.
914 2136 1246 2199 reddendam
1269 2160 1374 2218 pro

194 2223 215 2256 ‘
241 2222 614 2303 intempestiva
633 2223 836 2282 laetitia
855 2222 1111 2283 moestam
1134 2240 1189 2282 et
1213 2225 1371 2285 fune⁴=

196 2313 228 2343 ‘·
240 2311 388 2368 brem
412 2313 662 2382 noaem,
698 2328 809 2388 qua
830 2305 959 2368 sciat
983 2324 1037 2367 et
1067 2308 1258 2368 sentiat
1284 2314 1371 2368 vi·
1394 2351 1399 2356 -

195 2394 368 2454 ‘·vere
382 2396 688 2466 Vitellium,
710 2409 766 2453 et
788 2396 1074 2473 imperare,
1096 2410 1147 2454 et
1174 2394 1208 2452 fi
1233 2396 1370 2471 quid

113 2491 147 2553 3
158 2492 195 2556 9
210 2477 235 2512 ‘²
250 2478 370 2543 fato
391 2481 624 2561 accidat,
648 2479 819 2541 filium
834 2483 1074 2542 haberess
1161 2483 1380 2561 Trepim
