1759 2975
322 156 408 221 52
509 157 997 200 &connatis
1031 156 1332 199 τΑοιτι

317 241 439 311 dio,
462 255 634 314 metu,
649 254 704 298 et
720 241 812 298 ubi
826 240 971 297 vires
989 237 1105 299 suas
1125 236 1500 318 respexerant,

319 324 624 385 securitate.
715 327 825 385 Sub
855 322 996 404 ipsas
1035 325 1330 404 superioris
1365 328 1493 385 anni
1512 348 1593 406 52

320 411 579 472 kalendas
595 413 918 471 Decembris
930 419 977 470 A
986 455 1001 470 .
1014 411 1274 470 Vitellius
1284 412 1504 471 inferio·

318 519 437 559 rem
460 501 813 557 Germaniam
836 495 1125 574 ingress'us,
1168 499 1393 557 hiberna
1425 498 1505 557 le·

316 587 549 664 gionum
573 605 698 645 cum
723 604 863 643 cura
878 584 1115 642 adierat:
1162 584 1360 644 redditi
1388 583 1506 664 ple·

315 670 496 752 risque
519 669 763 739 ordines,
784 668 994 729 remiss'a
1014 672 1346 746 ignominia,
1375 670 1506 731 alle-

316 773 477 820 vatae
509 773 714 818 notae:
759 756 918 836 plura
956 756 1288 831 ambitione,
1335 776 1507 835 quae-

319 844 447 907 dam
466 844 705 922 judicio:
755 845 815 902 in
837 844 1038 922 quibus
1061 840 1273 902 sordem
1295 858 1351 901 et
1375 863 1506 903 ava-

316 935 504 993 ritiam
519 932 737 991 Fonteii
760 931 1074 1009 Capitonis,
1094 928 1396 989 adimendis
1426 927 1507 988 as·

317 1017 662 1098 fignandisve
690 1017 919 1077 militiae
945 1016 1258 1085 ordinibuS,
1299 1018 1508 1093 integre

315 1118 641 1166 mutaverat.
684 1124 785 1161 nec
799 1102 1093 1162 consularis
1114 1101 1279 1179 legati
1293 1102 1508 1163 mensu·

318 1212 402 1260 ra,
424 1188 512 1249 sed
528 1193 584 1248 in
601 1190 776 1266 majus
792 1191 977 1247 omnia
992 1191 1416 1266 accipiebantur.
1452 1203 1510 1249 et

316 1277 582 1337 Vitellius
605 1275 748 1356 apud
773 1273 988 1334 severos
1020 1276 1265 1333 humilis·
1312 1277 1389 1334 ita
1410 1295 1508 1335 co·

317 1365 563 1424 mitatem
601 1364 1015 1439 bonitatemque
1053 1360 1300 1421 faventes
1341 1382 1508 1423 voca·

316 1453 474 1525 bant,
510 1449 657 1529 quod
683 1447 790 1509 fine
819 1448 1013 1523 mode,
1038 1447 1146 1509 fine
1164 1448 1377 1527 judicio
1404 1448 1508 1510 do-

317 1555 474 1598 naret
501 1536 609 1606 sua,
647 1536 939 1614 largiretur
965 1536 1158 1594 aliena.
1208 1534 1363 1595 fimul
1387 1538 1507 1595 avi—

313 1622 484 1685 ditate
507 1623 825 1702 imperandi‚
860 1621 973 1701 ipsa
994 1625 1129 1682 vitia
1156 1642 1257 1701 pro
1281 1624 1506 1683 virtuti-

313 1713 420 1770 bus
443 1713 956 1787 interpretabantur.
1005 1709 1163 1768 multi
1189 1713 1245 1766 in
1270 1725 1511 1789 utroque

313 1798 561 1857 exercitu
581 1794 710 1853 ficut
728 1793 951 1852 modesti
978 1797 1279 1872 quietique,
1300 1797 1373 1853 ita
1393 1818 1508 1854 ma-

310 1882 355 1942 li
375 1896 427 1940 et
447 1879 642 1940 strenui
655 1925 668 1939 .
719 1878 804 1937 sed
822 1880 1036 1957 profusa
1053 1881 1331 1960 cupidine,
1348 1898 1402 1940 et
1419 1886 1510 1942 in-

311 1967 448 2044 figni
468 1969 768 2026 temeritate
783 1964 945 2043 legati
963 1967 1508 2044 legionum,Alienus

253 2066 266 2083 ·
316 2056 550 2114 Caecina
570 2096 588 2127 ,
631 2069 688 2112 et
717 2055 916 2111 Fabius
940 2054 1182 2111 Valensz
1230 2057 1263 2110 ὲ
1303 2057 1507 2132 quibus

312 2142 525 2201 Valens
535 2137 772 2199 infensus
785 2141 1014 2209 Galbae,
1026 2154 1302 2219 tamquam
1312 2140 1509 2201 detec-

312 2243 429 2288 tam
455 2247 485 2285 a
510 2226 561 2286 se
578 2227 829 2302 Verginii
845 2229 1159 2285 cunetation
1168 2246 1275 2296 em,
1292 2225 1510 2307 oppres-

313 2312 370 2374 sa
384 2315 672 2394 Capitonis
690 2311 917 2371 consilia
935 2315 1147 2389 ingrate
1175 2310 1395 2388 tuliflet‚
1419 2315 1507 2373 in·

315 2401 507 2477 stigare
527 2401 834 2473 Vitellium,
870 2400 890 2428 ‘
907 2398 1153 2458 ardorem
1182 2400 1417 2459 militum
1444 2421 1510 2458 o-

317 2487 337 2520 ‘
362 2488 622 2548 stentans.
669 2485 842 2569 ipsum
874 2486 1070 2547 celebri
1101 2486 1300 2564 ubique
1327 2483 1504 2547 famae
