1759 2975
380 133 1200 202 uisrokraaumntastss
1296 158 1385 225 45

197 255 310 317 que
333 239 721 320 Vespafianum
746 239 965 301 fratrem
984 244 1041 300 in
1064 262 1133 301 eo
1161 240 1380 321 respici·

194 329 440 385 entibus.
458 327 777 402 flagitatum,
793 332 810 358 ‘
823 342 887 385 ut
900 330 1214 388 vacationes
1229 348 1378 407 prae·
1439 357 1456 364 ‘

197 416 216 441 ‘
239 410 369 469 stari
398 413 810 471 centurionibus
835 411 1020 473 solitae
1044 417 1379 474 remitteren-

195 502 214 527 ‘
242 499 378 555 tur.’
426 516 660 575 namque
679 503 954 576 gregarius
977 500 1156 570 miles»,
1191 515 1254 559 ut
1275 504 1375 561 tri·

188 584 396 640 butum
431 603 673 644 annuum
697 586 980 665 pendebat.
1032 600 1222 666 quarta
1245 606 1375 667 pars

188 668 462 748 manipuli
493 667 665 749 sparsa
691 691 785 749 per
807 687 1167 747 commeatus,
1197 688 1291 731 aut
1312 676 1374 734 in

186 752 320 833 ipfis
336 755 518 814 castris
534 777 696 836 vaga,
719 756 847 816 dum
863 757 1162 819 mercedem
1184 773 1375 818 centu-

184 842 340 901 rioni
362 839 662 902 exsolveret
678 884 698 917 ,
736 862 915 921 neque
944 843 1167 902 modum
1189 846 1374 904 oneris

184 924 481 1005 quisquam
501 968 519 1000 ,
552 946 732 1005 neque
752 947 924 1003 genus
953 927 1196 1004 quaestus
1230 926 1377 1008 penfi

182 1010 456 1083 habebat3
503 1031 594 1090 per
626 1012 912 1071 latrocinia
933 1026 988 1070 et
1017 1027 1240 1091 raptus,
1277 1028 1374 1074 aut

180 1095 480 1156 servilibus
501 1097 826 1171 ministeriis,
852 1098 1083 1158 militare
1098 1102 1270 1160 otium
1287 1121 1370 1160 re·

179 1184 492 1243 diruebant.
539 1199 653 1243 tum
678 1184 1116 1264 locupletiflimus
1139 1186 1369 1268 quisque

179 1269 367 1371 miles,
403 1270 589 1330 labore
611 1291 673 1329 ac
693 1269 909 1330 saevitia
930 1272 1160 1351 fatigari,
1188 1274 1368 1335 donec

118 1411 127 1415 -
179 1356 523 1417 vacationem
544 1372 776 1432 emeret3
821 1360 912 1417 ubi
937 1357 1235 1439 sumptibus
1268 1380 1367 1421 ex-

177 1440 434 1513 haustus,
478 1442 726 1504 socordia
764 1441 980 1524 insuper
1021 1444 1327 1522 elanguerat
1346 1490 1365 1515 ,

177 1531 349 1607 inops
376 1548 480 1607 pm
515 1516 817 1604 locuplete,
849 1545 906 1587 et
935 1533 1077 1588 iners
1106 1551 1205 1609 pro
1239 1530 1366 1590 stre·

177 1633 322 1682 nuo,
348 1615 408 1671 in
443 1614 782 1691 manipulum
813 1614 1054 1674 redibat·
1094 1635 1155 1673 ae
1187 1614 1366 1677 rursus

166 1699 318 1759 alius
351 1713 517 1779 atque
545 1698 681 1758 alius
698 1742 715 1768 ‚
744 1698 928 1758 eadem
966 1699 1189 1777 egestate
1210 1721 1273 1761 ac
1298 1700 1365 1762 li·

175 1787 368 1846 centia
388 1787 656 1865 corrupti,
684 1786 750 1844 ad
777 1785 1070 1845 seditiones
1084 1802 1140 1845 et
1161 1787 1364 1850 distor-

176 1873 327 1944 dias,
354 1871 495 1931 etad
518 1888 842 1941 extremum,
866 1871 1004 1931 bella
1029 1875 1214 1933 civilia
1240 1896 1364 1947 rue·

175 1961 335 2018 bant.
368 1957 453 2016 sed
468 1961 639 2027 Otho,
653 1978 723 2016 ne
736 1960 886 2036 vulgi
905 1960 1210 2036 largitione,
1227 1983 1362 2022 cen·

178 2046 464 2104 tut-ionum
477 2043 1192 2113 animosaverteret,‘fistum
1207 2047 1361 2109 suum

176 2130 198 2161 ⁴
226 2130 545 2188 vacationes
566 2149 779 2188 annuas
798 2130 1169 2192 exsolutorum
1185 2135 1201 2159 '
1231 2154 1357 2212 pro·

176 2212 352 2274 milit:
378 2234 491 2273 rem
507 2213 650 2273 haud
664 2215 828 2274 dubie
844 2215 1056 2290 utilem,
1078 2232 1134 2275 et
1146 2239 1177 2276 a
1193 2222 1358 2279 bonis

177 2298 361 2380 postea
388 2301 727 2379 principibus
748 2343 766 2374 ,
812 2305 1173 2381 perpetuitate
1201 2303 1364 2364 disci·

181 2385 361 2466 plinae
375 2385 665 2446 firmatam.
712 2393 864 2447 Laco
881 2387 1201 2467 praefeetus,
1224 2403 1364 2446 tam-

177 2490 344 2551 quam
377 2472 438 2543 in
470 2469 697 2535 insulam
721 2471 1108 2556 seponeretur,
1135 2475 1203 2534 ab
1231 2489 1367 2557 evof
