1759 2975
356 100 497 168 226
555 117 1397 164 c.-coan11.11rac1·rr

358 199 515 261 danti
538 203 684 260 inter
713 199 878 260 scelus
907 215 1240 280 metumque,
1278 221 1347 260 ne
1372 197 1550 261 dilata

357 284 526 349 Blaefi
549 306 698 347 mors
718 299 986 347 maturam
1011 289 1326 366 perniciem,
1358 286 1561 366 palam·

349 369 493 449 juflit
522 385 763 431 atrocem
793 372 1053 433 invidiam
1085 371 1285 443 ferrett
1331 372 1551 450 placuit

357 477 578 519 veneno
600 455 837 534 graffari.
887 457 1094 517 addidit
1110 457 1341 518 facinori
1357 457 1555 531 fidem,

358 542 532 603 nobili
564 544 790 622 gaudie,
828 541 1069 604 Blaesum
1090 542 1358 616 visend03
1407 546 1554 624 quin

360 645 418 689 et
440 630 623 690 audita
646 628 718 689 est
739 627 1028 690 saevissima
1041 630 1254 690 Vitellii
1276 650 1413 700 vox,
1435 651 1555 708 qua

362 715 505 795 (ipsa
528 718 673 777 enim
688 720 850 777 verba
867 716 1123 793 referam)
1157 719 1173 749 ‘
1195 715 1249 776 se
1268 715 1470 796 paviffe
1485 737 1571 777 o-.

362 803 383 835 ⁴
408 804 586 875 culos,
599 801 822 883 speciata
839 805 1048 863 inimici
1064 806 1282 872 morte,’
1293 803 1548 880 jactavit.

365 887 553 948 Blaeso
577 889 731 970 super
752 888 1048 950 claritatem
1075 890 1333 949 natalium
1357 904 1412 948 et
1439 890 1557 948 ele-

365 977 608 1051 gantiam
645 975 1061 1050 morum,.fidei
1097 975 1389 1035 obstinatio
1422 976 1556 1035 fuit.

365 1061 595 1138 integris
613 1081 835 1141 quoque
858 1063 1044 1136 rebus,
1067 1083 1099 1120 a
1115 1064 1351 1121 Caecina
1364 1077 1417 1119 et
1433 1064 1552 1141 pti-

367 1148 614 1205 moribus
645 1149 880 1223 partium
905 1148 1020 1223 jam
1045 1148 1337 1206 Vitellium
1374 1149 1555 1227 asper-

367 1234 649 1305 nantibus,
680 1232 934 1300 ambituS,
971 1235 1207 1292 abnuere
1244 1232 1556 1312 persevera-

368 1319 475 1392 vit,
503 1316 730 1386 sanetus,
753 1317 1086 1394 inturbidus,
1120 1320 1325 1379 nullius
1356 1340 1557 1398 repen·

369 1406 478 1464 tini
498 1405 754 1480 honoria,
790 1403 928 1464 adeo
953 1424 1070 1464 non
1095 1407 1429 1487 principatus
1457 1429 1557 1487 ap-

309 1511 318 1518 ’
370 1508 599 1574 petens,
638 1508 696 1551 ut
722 1512 912 1573 parum
932 1491 1224 1571 effugeret,
1256 1514 1327 1551 ne
1351 1493 1552 1571 dignus
1708 1549 1709 1558 ,

372 1578 702 1639 crederetur.
800 1580 999 1639 Fabius
1048 1582 1266 1639 interim
1306 1581 1536 1650 Valens,
1558 1598 1635 1659 40
1708 1585 1709 1650 3

372 1665 552 1726 multo
593 1686 655 1725 ac
695 1664 854 1724 molli
884 1667 1318 1727 concubinarum
1358 1665 1552 1745 spado-

372 1770 616 1829 numque
639 1753 875 1830 agmine,
913 1750 1129 1827 segnius
1161 1772 1321 1831 quam
1343 1753 1411 1812 ad
1439 1755 1556 1813 be1-

375 1838 489 1897 lum
508 1837 790 1913 incedens,
813 1837 834 1870 ‘
859 1838 1130 1916 proditam
1154 1859 1185 1897 a
1202 1840 1413 1904 Lucilio
1429 1839 1550 1899 Bas·

373 1925 391 1953 ‘
418 1922 482 1982 so
518 1925 895 1983 Ravennatem
939 1923 1201 1998 class'emss
1239 1927 1550 2003 pernicibus

373 2010 585 2080 nuntiis
608 2011 843 2085 accepit.
885 2025 940 2067 et
964 2008 1001 2067 fi
1017 2026 1277 2086 coeptu-m
1299 2013 1401 2070 iter
1424 2032 1554 2092 pro·

374 2091 621 2174 perasset,
648 2108 934 2152 nutantem
956 2098 1248 2156 Caecinam
1275 2100 1556 2176 praeveni-

377 2203 466 2251 re·,
515 2196 608 2239 aut
630 2196 757 2239 ante
787 2178 1070 2244 discrimen
1101 2204 1333 2259 pugnae,
1352 2182 1559 2263 assequi

375 2267 617 2349 legiones¹
640 2265 912 2347 potuisset.
960 2288 1060 2327 nec
1076 2269 1299 2328 deerant
1319 2272 1414 2348 qui
1438 2291 1558 2329 mo·

378 2369 595 2427 nerent,
632 2357 648 2384 ‘
679 2368 737 2411 ut
760 2374 884 2412 cum
910 2354 1162 2414 fidissimis
1189 2376 1284 2435 per
1308 2356 1554 2416 occultos
1576 2387 1581 2390 -

383 2440 405 2473 ‘
426 2442 670 2524 tramites
683 2483 703 2517 ,
746 2442 916 2506 vitata
938 2446 1228 2519 Ravenna,
1273 2439 1560 2505 Hostiliam
1640 2515 1645 2522 .
