1759 2975
442 182 1030 258 nrsssoaranun
1064 184 1196 225 ma.
1226 183 1274 224 r.
1366 177 1453 244 53

268 265 292 308 ’
311 268 521 330 nullam
544 271 604 329 in
627 271 829 331 Flacco
849 270 1177 330 Hordeonio
1199 289 1414 331 moram
1437 290 1455 328 ε

267 355 289 389 ‘
312 356 489 418 affore
516 357 894 417 Britanniam:
950 354 1196 417 secutura
1229 364 1458 417 Germa·

266 441 288 476 ‘
314 464 519 504 norum
537 443 767 502 auxilia:
799 442 942 502 male
954 441 1087 504 fidas
1103 445 1456 523 provinciast

265 527 288 562 ‘
306 530 611 608 precarium
624 527 732 589 seni
745 532 816 588 im
824 531 1031 610 perium
1037 546 1113 603 ‚et
1121 531 1275 590 brevi
1285 527 1462 590 trans·

270 621 290 648 ‘
316 618 522 676 iturum
542 639 561 688 3
610 616 866 696 panderet
882 615 1055 676 modo
1075 615 1271 686 finum,
1287 631 1346 675 et
1360 636 1457 676 ve·

267 700 290 735 ‘
308 703 478 761 nienti
498 701 754 763 fortunae
770 719 1103 762 occurreret.
1140 704 1341 763 merito
1355 700 1458 762 du·

265 788 288 822 ‘
310 787 501 848 bitass'e
511 792 862 866 Verginium,
875 787 1106 869 equestri
1130 788 1361 865 familia,
1373 790 1459 866 ig*

261 875 284 917 ‘
307 890 453 934 noto
476 889 632 954 patre
651 897 670 931 2
715 878 977 953 imparem
1001 874 1041 933 fi
1063 875 1340 955 recepiss'et
1353 877 1458 934 im-

263 961 285 994 ‘
314 964 555 1040 perium,
589 974 772 1018 tutum
804 958 844 1018 fi
876 957 1184 1020 recusasset.
1228 959 1461 1021 Vitellio

271 1045 293 1079 ‘
319 1061 432 1105 tres
458 1047 631 1126 patris
653 1044 987 1120 consulatus,
1009 1044 1313 1119 censuram,
1342 1047 1459 1108 col·

269 1138 289 1166 ⁸
313 1131 516 1211 legium
543 1129 804 1208 Caesaris,
831 1148 887 1192 et
909 1135 1196 1214 imponere
1216 1136 1454 1219 jampri-

266 1218 288 1253 ‘
310 1217 437 1280 dem
461 1220 804 1301 imperatoris
828 1220 1238 1298 dignationem,
1273 1238 1331 1282 et
1360 1241 1455 1282 au·

180 1307 213 1368 5
227 1306 284 1369 3⁴
308 1306 447 1367 ferre
458 1308 654 1387 privati
667 1305 1049 1367 securitatem?
1094 1309 1458 1385 quatiebatur

260 1396 348 1453 his
385 1392 547 1472 segne
580 1396 898 1473 ingenium,
942 1410 1007 1453 ut
1035 1392 1455 1474 concupisceret

259 1483 471 1560 magis,
510 1488 675 1560 quain
699 1498 762 1540 ut
784 1479 1043 1561 speraret.
1089 1498 1145 1540 at
1170 1483 1231 1541 in
1251 1479 1453 1561 superi-

257 1588 360 1630 ore
376 1568 697 1642 Germania,
716 1570 954 1628 Caecina
980 1566 1172 1627 decora
1187 1568 1454 1645 juventa,

259 1674 503 1733 corpore
525 1654 744 1730 ingens,
769 1653 938 1712 animi
959 1654 1313 1724 immodicus,
1337 1656 1453 1714 cito

258 1740 534 1815 sermone,
561 1744 743 1800 erecto
766 1737 988 1816 incestis,
1020 1739 1193 1802 studia
1213 1738 1452 1803 militum

257 1826 552 1888 inlexerat.
600 1830 750 1888 hunc
766 1828 1026 1906 juvenem
1054 1828 1252 1903 Galba,
1280 1838 1450 1909 quae·-

258 1911 454 1975 storem
474 1917 531 1972 in
550 1915 787 1983 Baetica,
804 1917 1031 1994 impigre
1049 1917 1104 1974 in
1126 1932 1307 1997 partes
1323 1914 1447 1977 suas

257 1999 637 2079 transgressum
671 2000 879 2077 legioni
918 2002 1225 2082 praeposuit
1241 2030 1265 2076 ,·
1309 2022 1449 2064 mox

256 2101 600 2166 compertum
623 2086 890 2165 publicam
916 2091 1203 2168 pecuniam
1224 2087 1447 2150 avertis·

257 2170 333 2245 se,
359 2187 422 2232 ut
443 2172 810 2252 peculatorem
833 2176 1065 2253 flagitari
1087 2176 1259 2254 jussit.
1307 2181 1445 2235 Cae-

256 2262 384 2322 cina
409 2279 566 2339 aegre
583 2257 780 2339 paffuS,
796 2259 1015 2320 miscere
1032 2267 1244 2330 cuncta,
1262 2276 1317 2322 et
1332 2264 1446 2341 pri·

254 2361 389 2408 vata
416 2346 671 2418 vulnera,
700 2348 1026 2426 reipublicae
1048 2348 1207 2410 malis
1231 2352 1445 2424 operire

257 2431 461 2492 statuit.
507 2453 610 2492 nec
632 2433 855 2493 deerant
887 2436 942 2491 in
970 2437 1217 2494 exercitu
1244 2431 1446 2493 semina

256 2516 578 2595 discordiae,
611 2519 759 2600 quod
778 2535 832 2577 et
855 2519 1002 2579 bello
1026 2516 1284 2579 adversus
1298 2520 1446 2577 Vin-
