1759 2975
405 151 489 210 70
586 150 1081 198 &conatu
1118 151 1428 196 Tacta-1

403 238 635 298 intimos
657 236 868 296 amicos
891 236 1101 303 habuit,
1126 250 1183 295 et
1200 256 1338 295 mox
1352 234 1501 297 bello
1517 237 1609 298 in·-

400 339 488 384 ter
506 322 676 384 duces
698 322 937 401 delegit;
982 320 1287 401 manfitque
1313 322 1472 384 Celso
1504 346 1609 385 ve·-

400 411 487 472 lnt
509 408 752 470 fataliter
777 411 944 469 etiam
967 429 1073 490 pro
1097 412 1324 471 Othone
1353 407 1488 470 fides
1515 413 1613 473 in·

400 511 633 577 tegra-et
662 494 881 557 infelix.
926 495 1068 556 laeta
1097 498 1433 577 primoribus
1463 499 1609 558 civi-

398 586 553 659 tatis,
588 582 856 644 celebrata
884 584 943 642 in
968 583 1166 661 vulgus
1180 582 1320 644 Celfi
1343 582 1504 653 salus,
1530 603 1607 645 ne

400 671 670 733 militibus
695 668 923 750 quidem
947 670 1162 747 ingrata
1184 668 1293 731 fuit
1307 712 1329 745 ‚
1366 668 1606 735 eandem

400 760 668 821 virtutem
686 756 1086 819 admirantibus
1102 753 1600 818 cuiirascebantur.

401 852 508 910 Par
534 843 667 907 inde
695 841 996 905 exsultatio
1013 884 1034 922 ‚
1069 840 1373 924 disparibus
1402 843 1593 905 cannis
1611 862 1693 921 72

404 929 725 1007 consecuta,
771 933 1066 1014 impetrato
1094 929 1356 1010 Tigellini
1394 931 1600 995 exitio.

397 1021 724 1102 sophonias
746 1018 1069 1098 Tigellinus
1091 1016 1337 1080 obscuris
1360 1018 1604 1097 parenti-

404 1107 534 1178 bus,
569 1104 734 1165 foeda
765 1105 1020 1182 pueritia,
1055 1104 1328 1184 impudica
1351 1100 1561 1163 senecta
1579 1145 1601 1179 ‚

405 1187 795 1269 praefecturam
820 1187 1052 1265 vigilum
1075 1204 1132 1245 et
1153 1190 1434 1267 praetorii,
1464 1204 1524 1248 et
1541 1209 1601 1248 a-

402 1274 477 1335 lia
496 1273 735 1354 praemia
748 1273 1044 1347 virtutum,
1061 1274 1194 1351 quia
1208 1273 1456 1334 veioeius
1475 1292 1599 1336 erat

403 1362 557 1422 vitiis
583 1357 816 1441 adeptus
833 1401 855 1436 ,
893 1359 1269 1420 crudelitatem
1292 1375 1464 1435 mox,
1501 1360 1599 1421 de·

404 1446 537 1511 inde
560 1447 846 1510 avaritiam
867 1488 889 1523 ,
925 1460 985 1507 et
1012 1445 1195 1508 virilia
1223 1442 1420 1509 scelera
1443 1465 1600 1508 exer-

406 1537 556 1599 mitt
602 1550 871 1618 corrupto
898 1533 967 1595 ad
989 1554 1158 1596 omne
1173 1534 1389 1595 facinus
1414 1539 1599 1596 Nero·

403 1644 501 1700 ne,
528 1622 797 1704 quaedam
822 1624 1023 1701 ignaro
1038 1619 1221 1697 ausus,
1238 1644 1302 1683 ac
1322 1620 1597 1701 postremo

403 1707 648 1788 ejusdem
663 1708 908 1770 desertor
920 1730 987 1769 ac
1003 1709 1279 1788 proditor.
1313 1708 1462 1768 unde
1480 1729 1598 1768 non

401 1795 571 1855 alium
590 1795 925 1872 pertinacius
950 1793 1017 1852 ad
1047 1812 1287 1871 poenam
1318 1796 1597 1873 flagitave-

401 1898 484 1954 re,
506 1877 721 1938 diverso
742 1874 960 1953 affeetu,
985 1880 1186 1957 quibus
1205 1879 1396 1939 odium
1415 1888 1594 1940 Nero·

405 1965 494 2026 nis
516 1966 717 2039 iuerat,
747 1977 803 2023 et
833 1965 1038 2043 quibus
1059 1961 1402 2025 desiderium.
1450 1968 1594 2047 apud

406 2051 641 2113 Galbam
689 2056 772 2110 T.
809 2049 972 2110 Vinii
1017 2053 1267 2131 potentia
1311 2051 1592 2123 defensus,

406 2139 779 2221 praetexentis
828 2137 848 2169 ‘
874 2135 1139 2198 servatam
1173 2141 1243 2199 ab
1272 2159 1341 2199 eo
1369 2138 1560 2202 filiam.
1577 2141 1593 2168 '

404 2242 464 2286 et
486 2224 632 2287 haud
656 2224 820 2286 dubie
849 2221 1179 2301 servaverat,
1208 2246 1327 2285 non
1358 2226 1594 2285 clemen·

400 2315 486 2373 tia
512 2313 750 2393 (quippe
787 2325 875 2371 tot
911 2309 1243 2385 interibilis)
1279 2309 1367 2371 sed
1391 2309 1593 2387 effugio

407 2400 468 2459 in
483 2400 726 2460 futurum
747 2419 767 2471 ς
813 2398 946 2476 quia
960 2395 1209 2475 pellimus
1226 2394 1475 2476 quisque,
1490 2394 1594 2455 dif-

404 2483 629 2549 fidentia
636 2479 999 2569 praesentium
1010 2486 1371 2545 mutationem
1384 2502 1589 2565 pavens
