1759 2975
302 179 884 230 uiator-tntum
917 179 1050 221 mn.
1083 173 1226 220 ΙΙΙ.
1273 170 1401 239 23Ι

220 263 403 325 sorum
426 262 748 338 Brigantum
777 256 1099 325 defectione,
1133 260 1193 318 in
1220 274 1406 320 extre·

222 371 374 414 mum
406 344 697 407 discrimen
730 340 1200 405 Cartismanduam
1237 333 1410 405 addu-

223 438 331 497 xit.
378 448 497 505 tum
517 432 688 512 petita
705 452 737 490 a
751 432 1015 492 Romanis
1035 427 1324 510 praefidia,
1353 444 1411 491 et

229 523 487 583 cohortes
502 517 722 597 alaeque
738 514 972 592 nostrae,
981 519 1147 577 variis
1157 517 1410 597 procliis,

232 623 488 667 exemere
509 619 690 664 tamen
707 602 952 684 periculo
965 604 1211 679 reginam
1232 626 1248 664 e
1294 625 1416 683 reg·

233 713 369 753 num
404 688 669 766 Venufio,
703 689 906 750 bellum
944 691 1109 748 nobis
1145 690 1417 751 relietum.

150 781 233 857 46
246 779 497 839 Turbata
524 797 621 857 per
641 774 853 836 eosdem
884 775 1002 834 dies
1026 778 1342 851 Germania,
1363 791 1421 836 et

235 863 485 927 socordia
508 862 730 939 ducum,
756 877 810 919 et
835 859 1100 921 seditione
1115 861 1418 940 legionum.

238 965 468 1012 externa
488 950 568 1021 vi,
591 953 644 1006 e't
670 947 897 1028 perfidia
922 945 1126 1023 sociali,
1151 967 1324 1029 prope
1342 946 1423 1008 af·

242 1040 389 1098 flic'ta
402 1041 650 1094 Romana
665 1053 772 1094 res.
806 1034 863 1092 id
881 1034 1079 1094 bellum
1097 1054 1222 1094 cum
1233 1033 1421 1095 cauffis

242 1139 301 1185 et
317 1122 603 1181 eventibus
618 1122 847 1191 (etenim
862 1119 1084 1199 longius
1101 1125 1421 1201 provectum

241 1209 346 1284 est)
367 1227 502 1269 mox
524 1209 969 1268 memorabimus.
1014 1223 1162 1268 mota
1177 1225 1229 1267 et
1243 1214 1429 1268 Daco-

243 1317 362 1357 rum
387 1315 542 1373 gens,
561 1314 862 1373 numquam
882 1293 1015 1368 fida,
1038 1309 1172 1354 tunc
1188 1293 1297 1354 fine
1312 1315 1427 1354 me·

244 1399 333 1456 tu,
349 1381 579 1441 abducto
596 1402 626 1439 e
641 1380 840 1439 Moesta
851 1381 1117 1438 exercitu.
1149 1378 1236 1439 sed
1253 1382 1433 1460 prima

246 1467 625 1544 rerum,quieti
635 1463 1048 1543 speculabantur
1065 1484 1082 1522 t
1106 1465 1196 1525 ubi
1210 1466 1431 1542 flagrare

247 1553 465 1624 Italiam
486 1550 665 1634 bello,
708 1553 904 1609 cuncta
927 1550 1165 1608 invicem
1185 1549 1397 1609 hostilia
1413 1592 1434 1625 ,

250 1656 508 1717 accepere
532 1658 551 1705 ς
598 1636 927 1714 expugnatis
971 1636 1284 1695 cohortium
1325 1634 1439 1695 ala-

253 1743 487 1803 rumque
508 1723 778 1795 hibernis‚
804 1735 1033 1799 utraque
1055 1723 1296 1781 Danubii
1318 1724 1437 1801 ripa

253 1812 623 1891 potiebantur.
637 1810 863 1887 jamque
873 1806 1041 1867 castra
1051 1806 1328 1886 legionum
1340 1828 1435 1867 ex-

254 1896 497 1957 scindere
519 1897 808 1976 parabant,
832 1896 894 1953 ni
915 1896 1210 1956 Mucianus
1233 1895 1440 1955 sextam

251 1984 526 2062 legionem
548 1977 897 2062 opposuisset,
922 1980 1300 2043 Cremonenfis
1323 1986 1441 2044 vic-

252 2073 427 2131 toriae
456 2089 681 2148 gnarus,
719 2089 784 2129 ac
812 2088 884 2127 ne
909 2084 1139 2128 externa
1162 2070 1339 2130 moles
1373 2091 1439 2129 u-

254 2160 492 2234 trimque
516 2153 813 2232 ingrueret,
848 2152 888 2216 fi
903 2163 1088 2216 Dacus
1113 2153 1441 2215 Germanus-

253 2264 363 2324 que
389 2240 579 2301 diverfi
611 2239 943 2320 irrupissent.
985 2239 1161 2310 affuit,
1193 2258 1255 2300 ut
1283 2242 1441 2319 saepe

256 2332 408 2405 alias,
431 2327 654 2387 fortuna
686 2327 874 2405 populi
901 2329 1133 2387 Romani
1157 2346 1296 2404 quae
1312 2331 1451 2383 Mu-

258 2418 474 2475 cianum
498 2414 746 2493 viresque
762 2415 1011 2472 Orientis
1028 2412 1158 2471 illuc
1179 2411 1341 2471 tulit:
1384 2424 1443 2470 et

260 2501 413 2584 quod
449 2506 755 2584 Cremonae
797 2502 1017 2561 interim
1059 2496 1452 2588 transegimus.⁴
