1759 2975
331 92 914 158 nts'roat‘anum
949 115 1080 155 mn.
1115 110 1256 155 111.
1305 109 1434 175 233

257 212 365 266 tur,
389 196 663 258 fabricatis
681 210 898 275 repente
914 198 1166 262 navibus„
1192 214 1328 274 quas
1349 216 1444 253 ca-

254 303 428 342 meras
453 296 680 356 vocant‚
696 285 829 341 artis
857 281 1136 355 lateribus,
1158 281 1265 340 lata
1283 280 1438 354 aive,

253 368 367 428 fine
390 367 617 428 vinculo
641 371 777 427 aeris
801 385 895 427 aut
911 367 1038 427 ferri
1062 387 1313 428 connexa
1327 389 1346 437 ;
1379 382 1437 424 et

203 490 204 493 =
253 456 471 514 tumido
510 457 670 527 mari,
709 470 873 534 prout
911 457 1101 514 fluetus
1140 453 1443 527 attollitur,

253 539 460 600 summa
479 543 702 600 navium
724 542 924 601 tabulis
943 557 1165 619 augent,
1182 542 1354 600 donec
1373 540 1434 596 in

249 627 476 686 modum
494 631 617 686 tedii
635 627 978 686 claudantur.
1020 627 1088 686 fic
1108 631 1247 685 inter
1265 622 1437 682 undas

248 713 571 784 volvuntur,
592 715 708 791 pari
734 715 1008 789 utrimque
1033 733 1215 791 prora,
1235 725 1290 767 et
1308 729 1432 767 mu-

246 799 403 857 tabili
434 801 685 874 remigio,
731 798 958 876 quando
998 799 1128 856 hine
1162 795 1252 855 vel
1278 794 1435 853 illinc

246 883 512 961 appellere
541 882 888 942 indiscretum
923 898 978 940 et
1014 884 1308 940 innoxium
1332 878 1432 940 est.

158 968 245 1043 48
258 969 515 1028 Advertit
538 988 599 1026 ea
625 987 712 1026 res
737 966 1048 1047 Vespafiani
1073 969 1336 1039 animum,
1367 980 1432 1024 ut

244 1053 560 1114 vexillarios
584 1073 615 1112 e
637 1053 968 1131 legionibus,
984 1052 1428 1132 ducemqueVir·

242 1141 394 1201 dium
420 1142 713 1200 Geminum
739 1137 1000 1220 spectatae
1031 1140 1253 1200 militiae
1289 1137 1425 1197 deli·

239 1243 413 1305 geret.
461 1225 555 1286 ille
574 1225 996 1307 incompositum
1015 1242 1069 1284 et
1085 1226 1310 1306 praedae
1326 1244 1426 1284 cu·

239 1312 428 1394 pidine
449 1333 648 1389 vagum
664 1312 872 1372 hostem
895 1312 1146 1384 adortus,
1161 1312 1345 1388 coegit
1358 1312 1422 1369 in

238 1419 441 1457 naves:
488 1397 798 1476 effeetisque
838 1400 1038 1476 raptim
1083 1397 1424 1467 Liburnicis,

238 1482 534 1561 affequimr
569 1484 860 1542 Anicetum
900 1484 961 1539 in
1004 1480 1143 1542 ostio
1181 1481 1436 1540 fluminis.

242 1569 469 1642 Cohibi,
496 1582 676 1628 tutum
707 1564 804 1627 sub
824 1566 1258 1628 Sedochezorum
1280 1568 1421 1643 regis

238 1655 474 1729 auxilio,
502 1674 667 1733 quem
695 1655 930 1732 pecunia
950 1650 1215 1731 donisque
1241 1651 1318 1710 ad·
1335 1650 1423 1709 so-

238 1740 492 1801 cietatem
519 1741 848 1819 perpulerat.
899 1760 963 1801 ac
985 1739 1176 1816 primo
1197 1758 1296 1796 rex
1317 1740 1420 1796 mi-

236 1828 327 1888 nis
343 1824 611 1905 armisque
629 1825 916 1907 supplicem
936 1826 1107 1884 tueri:
1135 1822 1418 1903 postquam

234 1932 444 1974 merces
467 1910 824 1992 proditioni-s,
844 1928 935 1970 aut
954 1911 1150 1971 bellum
1169 1909 1419 1970 ostende-

232 2001 429 2072 δηίοις
475 1999 725 2071 fluxa,ut
754 1998 829 2059 est·
844 1999 1118 2070 Barbaris,
1144 1996 1269 2067 fide,
1288 2018 1423 2076 pac-s
1460 2047 1467 2055 ,

231 2101 323 2146 ωε
346 2087 594 2147 ‘Aniceti
609 2087 886 2160 exitium,’
900 2083 1148 2164 perfugas
1167 2083 1422 2157 tradidit,

229 2171 486 2252 belloque
501 2170 675 2231 strvili
693 2170 822 2231 finis
851 2169 1158 2251 impolitus.
1205 2170 1411 2228 laetum

226 2278 291 2318 ea
319 2259 546 2330 victoria
580 2254 984 2337 Vespafianum,
1020 2256 1231 2316 cunctis
1256 2250 1412 2330 super

226 2358 361 2403 vota
399 2344 727 2416 fluentibus,
777 2338 1160 2402 Cremonensis
1214 2339 1415 2417 proelii-

226 2431 458 2508 nuntius
482 2433 544 2514 in
561 2435 816 2509 Aegypto
832 2425 1145 2507 affequitur.
1192 2443 1260 2481 eo
1281 2442 1415 2503 pro*
