1759 2975
391 189 1223 233 nlsronlAtuntu.r.
1326 184 1408 249 33

222 270 246 307 ‘
263 292 481 334 omnes,
546 291 713 332 nemo
748 274 896 331 enim
922 291 1166 352 unquam
1194 274 1416 351 imperi·

220 360 242 392 ‘
264 379 363 419 um
373 361 588 436 flagitio
605 357 901 435 quaesitum
917 360 1081 418 bonis
1098 360 1418 419 artibusex-

220 444 242 478 ‘
266 447 469 504 ercuit.
517 443 749 503 Galbam
770 444 1061 504 consensus
1082 446 1299 521 generis
1315 446 1419 504 hu·

163 563 173 578 ·
213 530 238 565 ‘
268 531 442 602 mani,
474 550 560 589 me
587 529 784 604 Galba,
812 529 1287 591 consentientibus
1310 551 1418 591 vo·-

222 618 245 650 ‘
272 618 378 692 bis,
405 614 686 676 Caessrem
709 617 875 677 dixit.
926 617 967 677 fi
992 614 1289 698 respublica
1307 660 1328 691 ‚
1358 632 1417 677 et

218 703 244 735 ‘
268 699 524 779 senatus,
564 717 622 761 et
659 704 938 783 populus,
975 724 1151 765 vacua
1188 705 1420 764 nomina

218 788 243 823 ‘
264 786 390 848 sunt
410 812 429 849 ε
457 788 653 863 vestra,
694 789 1105 849 commilitones
1126 833 1144 862 ,
1169 790 1417 863 interest,

214 877 238 910 ⁸
266 896 338 935 ne
367 879 756 955 imperatorem
780 875 979 953 pessimi
1008 875 1235 934 faciant.
1281 876 1419 951 legi·

217 961 242 996 ‘
265 981 443 1020 onum
468 959 662 1019 seditio
685 957 966 1018 adversum
991 960 1155 1018 duces
1173 958 1299 1020 suos
1323 980 1422 1020 au·

217 1048 240 1081 ‘
265 1048 383 1107 dita
415 1044 490 1106 est
519 1044 854 1124 aliquando:
887 1044 1060 1106 vestra
1088 1044 1222 1106 fides
1245 1045 1420 1107 fama·

216 1134 242 1168 ‘
264 1153 395 1213 que,
419 1130 603 1191 illaesa
636 1131 707 1191 ad
737 1135 885 1192 hunc
918 1133 1060 1193 diem
1087 1131 1318 1206 manfit3
1360 1147 1420 1192 et

216 1219 238 1253 ‘
263 1225 420 1280 Nero
442 1238 671 1298 quoque
706 1222 808 1280 v'os
841 1218 1103 1295 destituit,
1150 1241 1272 1281 non
1306 1240 1416 1280 vos

218 1305 240 1339 ‘
264 1312 569 1366 Neronem.
584 1308 768 1365 minus
785 1308 1012 1384 triginta
1028 1306 1343 1385 transfugae
1359 1319 1420 1366 ee

219 1391 242 1424 ‘
264 1391 588 1466 desertores,
617 1413 763 1472 quos
786 1396 1172 1453 centurionem
1196 1410 1291 1453 aut
1313 1395 1415 1453 tri·

219 1479 241 1512 ‘
263 1481 475 1539 bunum
498 1477 595 1539 fibi
614 1480 876 1557 eligentes
901 1500 1067 1539 nemo
1093 1479 1281 1555 ferret,
1310 1480 1417 1540 im·

221 1565 243 1600 ‘
267 1569 481 1645 perium
500 1565 882 1642 affignabumt
917 1564 1210 1625 admittitis
1231 1585 1420 1626 exem·

219 1651 241 1686 ‘
263 1652 457 1733 plum?
484 1666 539 1710 et
555 1649 1194 1731 quiescendocommune
1208 1653 1424 1714 crimen

218 1739 239 1773 ‘
267 1738 495 1798 facitis?
544 1736 892 1798 transcendet
927 1742 1061 1798 haec
1096 1740 1319 1799 licentia
1348 1743 1416 1802 in

219 1825 242 1859 ‘
267 1826 586 1903 provincias
600 1848 618 1883 ε
648 1842 701 1883 et
717 1824 783 1883 ad
802 1847 907 1885 nos
926 1825 1184 1887 scelerum
1202 1829 1414 1902 exituS,

218 1911 242 1944 ‘
269 1911 532 1970 bellorum
559 1910 630 1971 ad
652 1931 755 1971 vos
779 1915 1149 1990 pertinebunt.
1211 1934 1314 1973 nec
1336 1914 1413 1976 est

222 1997 244 2032 ‘
268 1996 393 2077 plus
420 1996 573 2075 quod
601 2018 704 2077 pro
728 1999 891 2057 caede
929 2001 1216 2079 principis,
1245 2021 1410 2079 quarn

178 2140 189 2149 ,
218 2084 241 2118 ‘
265 2082 419 2162 quod
439 2085 833 2144 innocentibus
851 2083 1045 2158 datur-3
1075 2084 1160 2145 sed
1179 2088 1418 2166 proinde

222 2168 239 2201 ⁸
265 2190 301 2228 a
323 2169 489 2227 nobis
511 2168 835 2229 donativum
856 2174 932 2230 ob
946 2171 1129 2247 fidem,
1161 2194 1328 2253 quam
1342 2176 1414 2234 ab'

144 2274 175 2334 3
191 2276 214 2316 ι
228 2256 248 2289 ‘
276 2254 396 2313 aliis
419 2275 527 2334 pro
545 2254 784 2315 facinore
806 2259 1130 2340 accipietis?
1216 2261 1413 2338 Dilap-

223 2341 293 2401 sis
310 2340 757 2421 speculatoribus,
775 2360 956 2404 cetera
971 2348 1174 2406 cohors
1193 2366 1310 2403 non
1329 2343 1413 2403 as·

227 2445 454 2507 pernata
487 2430 937 2505 concionantem,
977 2445 1039 2489 ut
1070 2428 1303 2488 turbidis
1325 2448 1413 2484 re-

231 2515 333 2572 but
348 2516 556 2592 evenit,
572 2515 717 2575 forte
734 2516 932 2592 magis,
953 2531 1012 2575 et
1026 2511 1414 2575 nonnulload-
