1759 2975
381 128 498 188 128
592 143 1076 185 &consen-11
1114 143 1416 186 τΑειτι

364 221 583 283 ΐυὺαᾶο
608 226 763 292 orbe,
797 236 855 281 et
891 223 1119 280 aemulis
1153 224 1380 284 urbibus
1410 224 1558 301 regi-

367 308 573 386 busque
594 306 816 381 excilis„
853 306 1066 368 securas
1094 329 1230 388 opes
1260 308 1560 387 concupis-

366 415 486 453 cere
526 414 761 452 vacuum
802 394 945 467 fuit,
988 395 1166 473 prima
1202 397 1342 453 inter
1372 408 1559 473 patres

366 481 691 559 plebemque
730 482 1029 554 certamina
1063 480 1342 551 exarsere‚;
1381 480 1559 540 modo

367 565 673 630 turbulenti
696 567 926 638 tribuni,
941 566 1112 624 modo
1129 565 1381 626 consules
1399 586 1558 645 prae-

367 652 563 725 validi,
578 668 633 709 et
651 655 709 710 in
735 653 866 710 urbe
887 673 949 711 ac
971 650 1095 710 foro
1123 668 1461 711 tentamenta
1477 653 1557 711 ci·-

369 737 577 798 vilium‘
593 739 885 796 bellorum.
935 757 1074 797 mox
1102 758 1134 795 e
1173 739 1327 816 plebe
1366 736 1561 800 infima

375 831 445 884 C.
482 827 718 898 MatIuS,
754 841 808 882 et
841 825 1109 882 nobilium
1143 822 1459 886 saeviffimus
1483 828 1558 882 L.

372 911 542 983 Sulla,
570 913 769 969 viciam
783 913 947 969 armis
973 911 1276 970 libertatem
1299 913 1356 968 in
1379 910 1564 967 domi-

374 1000 662 1057 nationem
677 1012 976 1057 verterunt.
996 995 1110 1076 post
1121 1001 1381 1074 quoan.
1396 1002 1565 1054 Pom-

375 1085 532 1161 pejus
565 1084 858 1153 occultior,
891 1102 1007 1140 non
1048 1082 1258 1139 melior.
1307 1097 1363 1139 et
1398 1099 1565 1138 num·

375 1189 543 1246 quam
567 1167 763 1245 postea,
791 1164 890 1223 nifi
914 1166 981 1222 de
1015 1169 1324 1243 principatu
1356 1163 1566 1241 quaefi-

352 1271 513 1311 stum.
570 1272 688 1310 non
717 1247 991 1310 disceffere
1012 1252 1080 1307 ab
1110 1251 1278 1307 armis
1301 1251 1360 1308 in
1391 1252 1566 1309 Phar-

374 1338 501 1397 salia
538 1357 598 1393 ac
629 1335 890 1414 Philippis
921 1336 1123 1394 civium
1151 1334 1425 1409 legiones,
1463 1355 1569 1396 ne-

376 1425 508 1486 dum
521 1423 760 1481 othonis
776 1442 837 1480 ac
853 1419 1067 1479 Vitellii
1079 1423 1350 1480 exercitus
1369 1419 1568 1499 sponte

352 1514 355 1517 ’
380 1510 607 1593 posituri
619 1509 818 1569 bellum
840 1508 1081 1582 fuerint3
1124 1507 1314 1582 eadem,
1333 1508 1457 1566 illos
1471 1508 1568 1569 de·

382 1603 477 1659 sim
501 1601 602 1672 ira,
619 1595 808 1656 eadem
830 1598 1115 1655 hominum
1141 1596 1334 1667 rabies,
1349 1594 1569 1657 eaedem

381 1684 640 1747 scelerum
678 1682 885 1742 caussae
930 1682 990 1738 in
1029 1679 1346 1739 discordiam
1384 1699 1566 1754 egere.

384 1770 536 1849 quod
554 1768 937 1843 lingulisvelut
961 1769 1152 1824 ictibus
1171 1762 1424 1824 transacta
1440 1762 1567 1829 sunt
1599 1812 1604 1816 ,

382 1855 545 1927 bella,
561 1853 778 1929 ignavia
800 1852 1106 1929 principum
1127 1849 1327 1910 saelum
1345 1850 1437 1909 est.
1475 1849 1569 1909 sed

384 1961 473 2001 me
502 1953 746 1998 veterum
771 1956 1159 2014 novorumque
1175 1957 1392 1995 morum
1410 1956 1567 2014 repu-

386 2028 524 2085 tatio
543 2025 762 2100 longius
787 2021 951 2080 tulit:
994 2041 1147 2080 nunc
1170 2022 1239 2080 ad
1271 2042 1451 2081 rerum
1475 2041 1568 2081 or·

380 2114 570 2171 'dinem
600 2110 791 2167 venio.
882 2107 1133 2166 Profecio
1157 2108 1456 2167 Brixellum
1481 2115 1649 2186 0-39

388 2202 582 2272 thone,
625 2199 812 2255 honor
843 2195 1052 2272 imperii
1084 2213 1250 2271 penes
1276 2194 1569 2252 Titianum

386 2285 606 2344 fratrem
623 2303 642 2354 ς
668 2283 751 2340 vis
770 2301 830 2339 ac
848 2277 1084 2359 potestus
1103 2298 1267 2356 penes
1278 2276 1568 2335 Proculum

391 2368 735 2450 praefectum.
785 2361 972 2422 Celsus
1010 2379 1067 2421 et
1101 2363 1389 2435 PaulinuS,
1439 2380 1568 2421 cum

390 2455 676 2538 prudentia
699 2469 891 2515 eorum
918 2467 1084 2511 nemo
1114 2460 1373 2517 uteretur,
1416 2447 1572 2512 inani
1601 2508 1609 2513 ,
1693 2508 1708 2512 ,

1739 2186 1749 2233 ι’
