1759 2975
332 126 450 184 140
555 125 612 167 c·
645 126 1035 166 contenuit
1068 125 1400 166 macir-r·
1485 119 1486 122 ’

314 205 433 277 gio,
477 203 802 262 tantundem
834 204 980 282 apud
1023 202 1265 283 posteros
1301 203 1506 262 meruit
1597 193 1604 198 ’

317 290 493 347 bonae
519 288 713 357 famae,
742 306 1012 367 quantum
1035 288 1226 347 malae.
1275 304 1337 346 ut
1358 310 1501 347 con-

313 377 525 451 quirere
536 373 801 443 fabulosa,
815 390 872 432 et
882 374 1020 433 fictis
1035 372 1499 449 oblefiarclegen·

312 461 451 517 tium
472 462 718 534 animos,
737 462 935 538 procul
956 462 1225 537 gravitate
1239 461 1418 537 coepti
1433 479 1500 516 o-

313 547 458 623 peris
494 545 848 604 crediderim=
898 548 979 604 ita
1008 544 1245 622 vulgatis
1268 543 1503 603 traditis-

315 648 424 706 que
445 630 657 689 demere
674 629 834 690 fidem
855 650 976 690 non
1000 630 1187 690 aufim.
1235 630 1255 662 ‘
1272 629 1360 689 die
1384 650 1500 707 quo

313 715 334 746 ‘
365 716 612 776 Bedriaci
644 720 991 790 certabatur,
1024 736 1181 775 avem
1223 713 1500 774 invifitata

318 805 336 833 ‘
366 798 556 878 specie,
585 802 728 880 apud
755 803 984 879 Regium
1008 801 1277 881 Lepidum
1307 800 1504 861 celebri

321 885 341 917 ⁴
371 886 500 948 luco
540 887 871 962 confediss‘e‚’
911 888 1129 948 incolae
1157 900 1503 960 memorant,

318 972 339 1004 ‘
373 992 476 1033 uec
496 972 695 1032 deinde
723 977 1228 1040 coetu·hominum,
1267 985 1364 1031 aut
1398 973 1506 1030 cir-

322 1056 343 1090 ‘
371 1059 851 1116 cumvolitantium
877 1059 1097 1126 alitum,
1120 1060 1361 1115 territam
1382 1057 1508 1133 pul-

318 1140 339 1174 ‘
369 1139 580 1208 samve,
617 1140 791 1201 donec
819 1145 972 1199 Otho
1003 1141 1055 1199 se
1088 1140 1203 1220 ipse
1229 1141 1507 1200 interfice&

318 1222 340 1256 ‘
368 1240 484 1284 ret:
535 1240 652 1283 tum
675 1226 909 1284 ablatam
932 1230 1006 1284 ex
1026 1226 1233 1284 oculis:
1280 1239 1335 1282 et
1360 1239 1507 1284 tem-

318 1308 340 1342 ‘
370 1328 502 1387 pora
522 1312 896 1387 reputantibus
915 1353 932 1383 ,
973 1311 1193 1368 initium
1222 1309 1510 1388 finemque

319 1393 342 1425 ‘
373 1394 639 1469 miraculi,
675 1416 798 1454 cum
830 1398 1070 1453 Othonis
1095 1397 1247 1453 exitu
1280 1414 1506 1474 compe·

320 1477 342 1513 ‘
376 1475 534 1540 tiss'e.²
625 1489 694 1540 In
716 1481 908 1541 funere
929 1481 1073 1558 ejus.
1106 1497 1307 1540 novata
1342 1480 1492 1540 lucin
1509 1501 1542 1556 ς
1560 1502 1587 1544 1

321 1584 388 1625 ac
410 1564 601 1626 dolore
622 1567 853 1628 militum
871 1566 1064 1628 seditio
1084 1591 1103 1637 ς
1141 1588 1243 1627 nec
1257 1582 1389 1640 erat,
1407 1569 1505 1642 qui

322 1654 626 1712 coerceret.
681 1653 750 1711 ad
780 1655 1103 1729 Verginium
1133 1651 1297 1725 versi,
1336 1651 1506 1710 modo

324 1734 347 1766 ‘
369 1750 433 1793 ut
462 1741 718 1815 reciperet
746 1739 1055 1813 imperium,
1099 1758 1248 1796 nunc
1275 1753 1336 1795 ut
1361 1737 1506 1813 lega·

325 1819 348 1851 ‘
369 1823 525 1879 tione
540 1821 681 1899 apud
696 1824 985 1880 Caecinam
1002 1842 1066 1881 ac
1079 1824 1368 1881 Vaientem
1384 1822 1508 1880 fun-

322 1903 344 1938 ‘
368 1909 632 1979 geretur,'
666 1909 984 1965 minitantes
1009 1909 1270 1966 orabant.
1312 1911 1507 1984 Vergi-

324 1991 452 2049 nius
478 2011 571 2067 per
600 1990 838 2049 aversam
863 1991 1062 2050 domus
1085 2010 1292 2070 partem
1319 1992 1515 2052 furtim.

324 2074 631 2151 degreffus‘,
673 2077 1054 2153 inrumpentes
1091 2078 1375 2136 frustratus
1410 2078 1503 2137 est.

322 2181 531 2231 earum,
545 2183 682 2238 quae
700 2163 919 2220 Brixelii
939 2179 1182 2241 egerant,
1194 2167 1507 2223 cohortium

323 2267 533 2324 preces,
576 2250 813 2307 Rubrius
838 2248 1034 2307 Gallus
1059 2250 1205 2306 tulit.
1251 2262 1316 2303 et·
1344 2250 1507 2306 venia

322 2331 496 2390 statim
516 2335 827 2411 impetrata;
855 2333 1284 2392 concedentibus
1302 2331 1366 2389 ad
1386 2335 1502 2390 vic·

321 2431 520 2496 torem,
549 2438 644 2497 per
664 2418 912 2479 Flavium
937 2418 1209 2493 Sabinum,
1238 2417 1306 2476 iis
1330 2419 1508 2497 copiis
