1759 2975
381 102 514 173 224
614 115 1101 159 &contentu
1136 114 1434 160 racia-1

372 208 482 273 tes,
507 194 812 274 Vespafiani
836 215 1043 255 nomen
1068 194 1295 274 suspeufi
1317 215 1374 257 et
1410 199 1565 258 vita·

370 282 544 342 bundi
565 283 947 342 circumibant.
990 301 1094 341 nec
1126 282 1320 357 definit,
1362 287 1463 364 qui
1495 304 1564 343 u·

368 387 504 428 num
527 365 840 428 consulatus
858 369 1005 429 diem
1025 366 1104 439 (is
1121 371 1345 429 enimin
1367 369 1560 430 locum

367 456 630 514 Caecinae
669 451 972 534 supererat)
1011 474 1214 532 magno
1243 476 1369 515 cum
1394 456 1559 517 irrisu

365 541 711 616 accipientis,
729 538 1143 620 tribuentisque,
1153 541 1559 608 eblandiretur.

365 626 539 707 pridie
558 623 816 686 kalendas
841 627 1199 704 Novembris,
1220 627 1427 687 Rossius
1448 636 1577 700 Re·‚

363 712 526 793 gulus
568 714 729 787 iniit,
779 713 1148 792 ejuravitque.
1206 718 1559 776 annotabant

362 800 550 881 periti,
593 799 614 832 ‘
639 819 924 882 nunquam
948 813 1110 861 antea
1132 821 1252 860 uon
1277 803 1553 878 abrogato

364 886 390 919 ‘
417 883 754 965 magistratu,
779 907 967 968 neque
973 887 1092 962 lege
1105 886 1236 961 lata,
1252 886 1414 946 alium
1437 885 1551 946 ssaf-

357 974 379 1005 ‘
410 973 607 1034 fecium
625 995 643 1044 ;
660 976 676 1000 '
719 993 848 1033 nam
868 972 1064 1035 consul
1089 993 1202 1032 uno
1230 972 1320 1033 die
1338 989 1394 1032 et
1415 991 1551 1034 ante

359 1060 537 1120 fuerat
554 1061 817 1117 Caninius
838 1059 1078 1130 Rebilus,
1097 1064 1164 1119 C.
1182 1058 1411 1119 Caesare
1425 1059 1548 1120 dic·

359 1159 555 1216 tatere,
571 1164 698 1203 cum
721 1142 842 1203 belli
867 1145 1041 1205 civilis
1063 1147 1306 1221 praemia
1321 1143 1546 1205 festina·

358 1246 568 1291 rentur.
659 1233 811 1288 Nota
833 1249 1044 1309 percos
1068 1229 1188 1288 dies
1203 1232 1360 1305 Junii
1380 1231 1533 1290 Blae·
1549 1229 1625 1305 38

355 1317 395 1379 fi
423 1335 598 1391 mors,
631 1329 688 1375 et
710 1313 910 1375 famosa
935 1314 1071 1384 suin
1121 1314 1189 1374 de
1217 1334 1328 1394 qua
1351 1315 1425 1378 fic
1447 1338 1542 1377 ac·

353 1405 621 1487 cepimus.
682 1403 838 1478 gravi
873 1402 1118 1480 corporis
1157 1403 1353 1473 morbo
1377 1423 1540 1480 aeger

353 1490 644 1563 Vitellius,
666 1489 981 1550 Servilianis
1011 1492 1210 1563 hortis,
1234 1492 1425 1549 turrim
1448 1494 1536 1551 vi·

352 1580 488 1639 eino
528 1577 679 1638 fitam
722 1575 993 1636 collucere
1029 1596 1125 1654 per
1164 1579 1377 1635 nostem
1415 1595 1532 1635 cte-

351 1666 464 1725 bris
486 1664 782 1724 luminibus
803 1661 1208 1722 animadvertit.
1242 1657 1532 1721 sciscitanti

347 1747 601 1823 caussam,
643 1747 663 1780 ‘
677 1746 818 1825 apud
836 1748 1126 1807 Caecinam
1139 1744 1381 1807 Tuscum
1400 1767 1530 1825 epu-

348 1838 370 1871 ‘
399 1836 498 1897 lari
539 1834 763 1908 multos,
794 1834 1142 1915 praecipuum
1180 1835 1395 1893 bonore
1429 1841 1527 1910 Ju-

348 1924 550 1981 ‘nium
586 1917 856 1979 Blaesum'
896 1921 1217 1989 nuntiatum
1261 1935 1437 1979 cetera
1467 1922 1526 1978 in

345 2008 549 2085 majus,
578 2005 647 2064 de
676 2005 696 2037 ‘
711 2018 997 2082 apparatu,
1026 2020 1088 2078 ‚et
1120 2003 1308 2068 solutis
1337 2008 1397 2065 in
1425 2005 1524 2064 las-

344 2095 366 2129 ‘
395 2094 596 2155 civium
638 2092 918 2160 animi83’
969 2110 1071 2150 nec
1113 2090 1370 2166 defixere,
1428 2094 1522 2170 qui

342 2178 516 2261 ipsum
542 2175 796 2237 Tuscum
833 2190 891 2236 et
927 2175 1090 2245 alios,
1128 2173 1218 2236 sed
1261 2180 1521 2252 crimino·

342 2267 449 2327 ssus
483 2262 716 2326 Blaesum
762 2260 1093 2338 incusarent,
1132 2264 1149 2294 ‘
1175 2263 1325 2342 quod
1355 2284 1520 2341 aegro

341 2355 362 2386 ‘
394 2354 634 2432 principe
664 2352 840 2409 laetos
880 2350 999 2409 dies
1036 2353 1260 2426 ωριτε-ι’
1311 2351 1402 2408 ubi
1440 2349 1520 2409 as·

335 2453 580 2520 peratum
617 2435 940 2512 Vitellium,
990 2450 1047 2495 et
1087 2433 1235 2517 posse
1277 2434 1518 2498 Blaesum
