1759 2975
376 154 959 200 ntsrontaaun
992 156 1124 198 mn.
1158 149 1257 199 11.
1314 136 1435 220 183

245 237 404 298 tione
425 234 684 306 hostium,
711 236 993 296 atrocibus
1023 234 1268 314 undique
1287 259 1438 296 nun-

246 326 343 382 tiis
381 323 702 388 exterritus,
742 325 1031 381 Caecinam
1061 338 1117 381 et
1139 321 1436 385 Valentem

248 409 500 489 expediri
543 406 608 466 ad
650 408 847 467 bellum
885 409 1074 486 jubet:
1123 411 1438 487 praemissus

255 496 534 563 Caecina3
598 493 888 553 Valentem
927 517 958 553 e
986 498 1139 572 gravi
1179 501 1435 577 corpori·

252 583 449 641 morbo
473 595 586 638 tum
614 583 849 658 primum
881 580 1262 659 assurgentem,
1280 584 1436 644 infir-

201 664 208 673 ’
250 670 413 727 mitas
436 665 722 740 tardabam
771 668 937 744 longe
960 670 1062 727 alia
1091 669 1439 747 proficiscen·

250 757 325 815 tis
339 775 409 813 ex
429 756 559 821 urbe
575 757 891 813 Germanici
907 758 1181 813 exercitus
1205 754 1439 834 specieag

251 862 371 901 non
407 842 568 916 vigor
603 843 949 917 corporibus,
991 861 1106 898 non
1133 841 1296 900 ardor
1318 844 1439 900 ani-

254 929 399 987 mis:
461 926 671 982 lentum
710 939 766 981 et
804 946 984 982 rarum
1024 946 1248 1002 agmen,
1293 928 1441 987 fluxa

256 1032 434 1083 arma,
447 1007 637 1086 segnes
654 1012 813 1087 equi:
842 1011 1137 1088 impatiens
1154 1009 1302 1084 solis,
1321 1012 1445 1090 pul-

254 1099 423 1164 veris,
441 1095 809 1174 tempestatum
833 1120 850 1166 ;
878 1114 1255 1178 quantumque
1277 1102 1439 1158 hebes

254 1184 322 1243 nd
339 1180 702 1243 sustinendum
722 1184 961 1242 laborem
987 1184 1140 1244 miles
1147 1230 1174 1260 ,⁴
1189 1201 1350 1246 tanto
1373 1187 1440 1247 ad

251 1269 549 1329 discordias
599 1274 929 1350 promptior.
1005 1274 1290 1332 accedebat
1337 1279 1447 1334 hue

253 1360 519 1415 Caecinae
549 1359 781 1416 ambitio
804 1372 989 1429 vetus,
1012 1374 1205 1435 torpor
1229 1380 1445 1435 recens,

253 1445 424 1504 nimia
449 1442 698 1501 fortunae
714 1443 1054 1517 indulgentia
1067 1442 1223 1502 soluti
1244 1447 1301 1502 in
1321 1446 1446 1504 lux·

254 1550 350 1588 um
373 1549 389 1585 t
423 1526 511 1584 seu
528 1526 806 1603 perfidiam
824 1526 1135 1599 meditanti,
1155 1528 1449 1606 infringere

255 1614 531 1673 exercitus
549 1612 805 1670 virtutem
824 1614 973 1670 inter
987 1629 1128 1670 artes
1145 1629 1283 1673 erat.
1331 1635 1448 1674 cre·

258 1698 447 1759 didere
490 1697 732 1776 plerique
764 1698 935 1757 Flavii
973 1701 1154 1759 Sabini
1204 1701 1444 1762 confiliis

259 1781 561 1846 concussam
596 1787 862 1844 Caecinae
898 1801 1157 1859 mentem,
1200 1783 1450 1850 ministro

255 1870 569 1934 sermonum
609 1873 816 1930 Rubrio
856 1871 1039 1940 Gallo,
1094 1875 1112 1903 ‘
1138 1892 1256 1934 rata
1298 1878 1444 1956 apud

254 1959 277 1993 ⁴
303 1956 690 2034 Vespasianum
719 1957 840 2016 fore
868 1964 1018 2036 pacta
1045 1959 1451 2037 transitionis?

253 2044 408 2105 fimul
433 2045 689 2103 odiorum
715 2044 1062 2126 invidiaeque
1074 2069 1199 2126 erga
1217 2053 1447 2111 Fabium

253 2132 550 2190 Valentem
589 2132 1003 2206 admonebatur,
1049 2137 1067 2165 ‘
1094 2150 1155 2193 ut
1190 2138 1362 2216 impar
1383 2159 1445 2195 a·

258 2223 277 2250 ‘
301 2216 415 2297 pud
436 2218 746 2293 Vitellium,
769 2222 992 2296 gratiam
1023 2220 1271 2299 viresque
1298 2221 1446 2301 apud

172 2309 289 2364 100⁸
314 2304 847 2383 novuthrincipem
880 2310 1133 2383 pararet.'
1207 2310 1448 2366 Caecina

255 2390 548 2466 complexu
562 2390 773 2449 Vitellii
797 2393 972 2448 multo
988 2411 1112 2450 cum
1131 2396 1343 2450 bonore
1363 2391 1448 2451 di-

256 2475 485 2557 gress‘us,
525 2491 734 2560 partem
766 2478 1015 2557 equitum
1058 2477 1126 2539 ad
1164 2497 1448 2560 occupan-
