1759 2975
317 155 404 220 52
505 158 993 200 &connatis
1027 157 1329 201 ‘raet-rr

312 241 435 312 dio,
458 256 630 315 metu,
645 254 701 299 et
716 241 808 298 ubi
823 241 968 299 vires
986 238 1102 299 suas
1121 238 1496 319 respexerant,

314 324 621 386 securitate.
711 329 821 385 Sub
852 324 993 405 ipsas
1032 326 1327 405 superioris
1361 330 1490 386 anni
1508 349 1587 407 52

315 411 576 472 kalendas
591 414 914 472 Decembris
927 420 974 471 A
983 456 997 471 .
1011 412 1269 471 Vitellius
1280 413 1499 472 inferio*

314 519 433 560 rem
456 503 810 558 Germaniam
833 497 1121 575 ingressus,
1164 501 1389 559 hiberna
1420 500 1500 558 le-

312 589 546 664 gionum
570 606 694 646 cum
719 606 859 645 cura
875 585 1111 644 adierat:
1157 584 1356 645 redditi
1384 586 1501 665 ple-

311 671 493 751 risque
516 671 759 740 ordines,
780 669 990 730 remissa
1011 673 1342 747 ignominia,
1371 671 1502 732 alle·

312 775 474 820 vatae
505 773 673 819 notae
694 779 710 817 t
756 757 913 838 plura
952 758 1283 832 ambitione,
1332 778 1502 835 quae-

315 845 443 908 dam
463 844 702 923 judicio:
752 846 811 903 in
834 845 1034 924 quibus
1058 841 1269 903 sordem
1291 859 1346 902 et
1370 864 1501 904 ava·

313 935 500 994 titiam
516 933 734 993 Fonteii
758 932 1071 1010 Capitonis,
1092 929 1392 990 adimendis
1422 929 1503 989 as-

313 1017 659 1099 fignandisve
687 1018 915 1078 militiae
942 1017 1254 1085 ordinibuS,
1294 1020 1503 1094 integre

311 1120 636 1167 mutaverat.
680 1125 781 1162 nec
797 1103 1089 1162 consularis
1112 1102 1275 1179 legati
1289 1103 1503 1164 mensu·

315 1212 398 1261 ra,
420 1189 580 1249 sedin
597 1192 772 1267 majus
789 1192 973 1247 omnia
989 1192 1412 1267 accipiebantur.
1448 1204 1504 1249 et

312 1277 578 1336 Vitellius
601 1276 744 1355 apud
770 1273 984 1334 severos
1016 1277 1261 1334 humilis.
1307 1277 1386 1335 ita
1406 1296 1503 1335 co·

313 1366 561 1424 mitatem
597 1365 1010 1440 bonitatemque
1048 1360 1295 1421 faventes
1337 1384 1503 1423 voca-

313 1454 470 1526 bant,
506 1449 654 1529 quod
678 1448 786 1509 fine
815 1449 1009 1524 mode,
1034 1447 1142 1509 sme
1160 1449 1373 1527 judicio
1400 1449 1503 1510 do-

313 1555 470 1599 naret
497 1536 605 1606 sua,
643 1537 935 1614 largiretur
961 1537 1154 1595 aliena.
1205 1534 1359 1595 fimul
1383 1538 1503 1596 avi—

309 1625 480 1685 ditate
504 1624 821 1706 imperandi,
856 1621 969 1701 ipsa
991 1626 1126 1682 vitia
1152 1643 1253 1701 pro
1277 1625 1502 1684 virtuti·

309 1713 416 1771 bus
440 1713 952 1788 interpretabantur.
1001 1709 1157 1768 multi
1184 1712 1242 1767 in
1266 1724 1507 1789 utroque

309 1799 557 1859 exercitu
575 1795 706 1854 ficut
725 1793 947 1853 modesti
974 1798 1275 1872 quietique,
1297 1797 1370 1853 ita
1389 1817 1503 1854 ma·

309 1883 355 1942 li
370 1897 424 1940 et
444 1880 664 1940 strenui.
716 1879 801 1938 sed
818 1881 1033 1958 profusa
1049 1882 1327 1960 cupidine,
1344 1899 1399 1941 et
1415 1886 1505 1942 in-

307 1968 445 2044 figni
464 1970 704 2026 temerita
713 1983 764 2026 te
779 1966 940 2043 legati
960 1968 1259 2045 legionum,
1272 1969 1504 2029 Alienus

249 2066 262 2083 ·
313 2057 546 2114 Caecina
565 2096 583 2128 ,
628 2070 683 2113 et
713 2056 912 2112 Fabius
936 2055 1177 2112 Valens:
1227 2057 1259 2110 ὲ
1299 2056 1504 2132 quibus

307 2143 520 2201 Valens
531 2138 768 2199 infensus
781 2141 1297 2219 Galbae-,tamquam
1308 2141 1504 2202 detec-

308 2244 424 2287 tam
451 2247 480 2285 a
506 2225 556 2285 se
574 2228 824 2303 Verginii
840 2230 1270 2297 enudationem,
1288 2226 1506 2306 oppres-

310 2313 365 2374 sa
377 2316 668 2394 ‚Capitonis
686 2311 913 2372 consilia
931 2316 1142 2390 ingrate
1171 2311 1388 2385 tulill'et,
1413 2314 1503 2372 in·

310 2401 503 2477 stigare
523 2402 830 2473 Vitellium,
866 2399 885 2428 ‘
903 2399 1148 2458 ardorem
1176 2399 1411 2457 militum
1438 2419 1505 2457 o-

313 2488 332 2521 ‘
357 2488 618 2549 stentans.
666 2486 838 2570 ipsum
869 2486 1065 2547 celebri
1096 2486 1294 2564 ubique
1322 2482 1514 2551 fimat„
