1759 2975
384 184 978 228 nrsronrAnum
1011 179 1219 229 tum.
1312 176 1402 248 43

218 264 406 345 quibus
428 271 744 346 proti-adius
760 264 905 335 Piso,
935 269 995 326 in
1018 265 1237 326 foribus
1262 280 1402 324 tem-

137 353 292 440 44pli
323 353 652 412 trucidatur.
754 353 976 413 Nullam
1004 353 1219 412 caedem
1255 354 1408 412 Otho

214 441 426 516 majore
447 440 656 498 laetitia
687 439 971 519 excepisse,
1000 439 1216 498 nullum
1244 452 1406 518 caput

215 538 332 584 tam
349 523 746 585 insatiabilibus
771 526 949 586 oculis
967 523 1298 606 perlustrasse
1319 524 1406 583 di-

218 612 396 671 citurz
428 608 517 670 seu
541 626 658 671 tum
684 614 922 692 primum
940 613 1116 671 levata
1137 613 1294 670 omni
1316 609 1408 670 so-

217 696 503 757 licitudine
526 718 684 757 mens
704 742 724 773 ‚
761 718 955 757 vacare
980 697 1180 775 gaudio
1210 716 1410 776 coepe·

218 798 333 843 rat:
358 783 445 842 seu
470 785 784 843 recordatio
806 782 1100 861 majestatis
1115 787 1176 843 in
1194 782 1401 856 Galba;

219 871 494 930 amicitiae
522 872 584 928 in
615 876 696 927 T.
723 871 923 936 Vinio,
951 870 1203 949 quamvis
1224 871 1410 927 immi-

220 969 340 1013 tem
361 956 867 1029 animumimagine
892 954 1028 1012 tristi
1044 953 1368 1013 confuderat
1387 974 1410 1013 a·

222 1038 466 1108 Pisonis»,
489 1056 551 1098 ut
567 1042 776 1100 inimici
790 1055 848 1099 et
877 1039 1098 1109 aemuli,
1123 1038 1286 1100 caede
1297 1040 1414 1099 laea

225 1127 357 1199 tari,
374 1127 470 1203 jus
492 1125 673 1206 fasque
692 1127 965 1188 credebat.
1008 1125 1251 1209 praefixa
1269 1147 1412 1187 eon·

222 1213 301 1270 tis
337 1214 516 1292 capita
547 1211 923 1290 gestabantur,
948 1215 1091 1274 inter
1123 1212 1274 1293 figna
1309 1233 1407 1274 co·

225 1300 644 1377 hortiumjuxta
661 1301 921 1381 Aquilam
944 1300 1205 1379 legionis,
1232 1316 1413 1360 certa-

226 1385 328 1444 tim
359 1383 760 1465 ostentantibus
790 1402 1047 1448 cruentas
1084 1406 1281 1446 manus
1313 1385 1414 1465 qui

227 1471 568 1543 occiderant,
591 1477 690 1553 qui
720 1473 1102 1541 interfuerant,
1134 1475 1232 1552 qui
1263 1492 1416 1541 vere,

229 1561 327 1637 qui
350 1557 492 1617 salso
510 1601 527 1627 ‚
564 1577 628 1616 ut
659 1561 951 1638 pulchrum
981 1574 1038 1616 et
1065 1557 1419 1619 memorabile

229 1645 449 1704 facinus
468 1645 767 1720 jaeiabant.
818 1642 995 1724 plures
1014 1663 1180 1723 quam
1199 1656 1420 1706 centum

232 1732 435 1808 viginti
453 1728 663 1789 libellos
675 1733 973 1810 praemium
987 1728 1416 1810 exposcentium,

240 1818 316 1876 ob
344 1815 578 1895 aliquam
606 1816 903 1877 notabilem
934 1816 1026 1875 illa
1050 1817 1138 1876 die
1159 1837 1376 1898 operam
1396 1858 1415 1886 ,

235 1902 494 1962 Vitellius
512 1901 693 1982 postea
708 1906 955 1976 invenit3
973 1902 1270 1983 omnesque
1281 1925 1386 1963 con
1397 1934 1417 1948 ·

236 1991 385 2067 quiri
408 2003 460 2046 et
482 1988 713 2048 interfici
729 1990 900 2067 juffit,
923 2009 1040 2049 non
1061 1991 1275 2050 honore
1290 1990 1418 2048 Gal-

235 2076 359 2142 bae,
370 2072 458 2132 sed
474 2075 676 2134 tradito
692 2076 1033 2155 principibus
1050 2080 1418 2145 more‚muni·

237 2174 484 2219 mentum
510 2159 578 2219 ad
601 2161 864 2240 praesens,
890 2164 948 2220 in
962 2161 1232 2240 posterum
1248 2163 1417 2222 ultio·

150 2267 191 2323 4
201 2265 389 2320 5nem.
483 2246 667 2306 Alium
689 2247 929 2308 crederes
962 2247 1224 2319 senatum,
1251 2249 1418 2307 alium

235 2331 502 2413 populum
520 2356 535 2402 ;
565 2353 718 2392 ruere
732 2336 915 2394 eundi
932 2335 991 2392 in
1009 2334 1195 2409 castra,
1214 2335 1422 2391 anteire

236 2420 549 2496 proximos,
567 2435 769 2479 certare
784 2441 906 2481 eum
926 2418 1422 2498 praecurrentibus,
1473 2472 1480 2479 ,

240 2508 518 2584 increpare
541 2506 765 2567 Galbam
782 2549 800 2578 ,
840 2505 1065 2566 laudare·
1075 2502 1313 2564 rnilitum
1329 2501 1423 2578 ju-
