1759 2975
327 125 440 183 108
544 146 615 187 .e.
652 143 1042 185 contutati
1082 142 1380 183 τΑςιτιι

323 227 339 253 ‘
370 224 727 280 Germaniam
771 220 1021 298 viresque
1059 221 1372 297 legionum:
1424 219 1511 279 di-

323 307 344 338 ‘
370 307 929 386 reptos.vastatosque
959 306 1141 376 classe,
1180 309 1339 365 etiam
1366 326 1512 384 quos

321 392 340 425 ‘
368 396 623 451 cobortes
635 394 857 471 alaeque
866 397 1259 474 protegerent!
1281 412 1341 449 *et
1356 414 1512 451 aver-

323 476 362 537 fi
386 494 612 557 repente
633 483 834 539 animi:
885 502 982 537 nec
1005 496 1185 537 tamen
1213 494 1396 557 aperta
1421 481 1510 549 vi3

324 580 513 642 aptum
542 580 758 645 tempus
784 564 989 623 infidiis
1014 566 1192 640 legere
1217 589 1235 635 ;
1276 564 1516 641 d3gressis

328 654 425 729 qui
454 655 731 712 Pacarium
765 652 1211 729 frequentabant,
1248 652 1428 709 nudus
1462 665 1518 707 et
1583 689 1594 724 3

286 773 297 776 -
330 736 525 795 auxilii
539 740 730 816 inops,
746 739 973 797 balineis
995 736 1318 795 interficitur
1336 759 1354 806 3
1400 752 1516 794 tru-

331 824 498 881 cidati
516 842 571 883 et
584 826 832 884 comites,
868 826 1072 903 capita,
1085 844 1145 882 ut
1156 821 1412 895 hostium,
1431 823 1518 896 ip·

334 908 375 969 st
401 910 766 970 interfectores
779 911 845 969 ad
864 913 1140 968 Othonem
1175 908 1384 979 tulere-3
1421 928 1520 966 ne·-

337 1017 557 1075 queeos
569 1013 663 1056 aut
674 1001 826 1056 Otho
839 999 1081 1075 praemio
1099 993 1301 1066 affecit,
1316 1009 1406 1052 aut
1421 1016 1521 1073 pu-

339 1084 484 1140 nivit
508 1083 785 1154 Vitellius,
814 1085 869 1140 in
900 1081 1069 1140 multa
1092 1082 1329 1141 colluvie
1347 1101 1524 1139 rerum

336 1168 639 1241 majoribus
657 1167 874 1244 flagitiis
892 1169 1219 1244 permixtos.
1275 1173 1322 1223 A
1328 1186 1521 1243 perue—
1541 1182 1565 1221 1
1579 1179 1614 1234 7

339 1253 549 1329 ratjam
569 1251 799 1320 Italiam,
819 1249 1130 1327 bellumque
1151 1248 1528 1323 transmiserat,

342 1353 405 1396 ut
419 1338 573 1416 supra
586 1338 1033 1406 memoravimus,
1051 1335 1134 1393 ala
1148 1335 1386 1411 Syllana,
1403 1338 1532 1402 nul-

341 1425 402 1486 lo
416 1424 561 1504 apud
581 1443 912 1504 quemquam
932 1424 1169 1480 Othonis
1192 1420 1406 1499 favore,
1429 1444 1533 1482 nee

345 1515 478 1593 quia
493 1511 781 1571 Vitellium
796 1510 1041 1585 mallent,
1053 1508 1141 1568 sed
1159 1510 1323 1586 longa
1339 1532 1449 1589 pax
1464 1510 1535 1569 ad

344 1620 513 1659 omne
528 1596 804 1659 servitium
816 1596 1047 1676 fregerat
1059 1596 1241 1655 faciles
1258 1617 1535 1680 occupan-

344 1689 517 1759 tibus,
531 1701 585 1743 et
601 1685 919 1744 melioribus
939 1680 1269 1743 incuriosos·
1304 1684 1535 1743 Floren-

343 1772 595 1831 tiffimum
614 1770 798 1829 Italiae
811 1769 977 1836 latus,
993 1785 1261 1846 quantum
1281 1772 1426 1830 inter
1437 1777 1538 1830 Pa·-

343 1859 477 1917 dum
497 1853 1104 1933 Alpesquecamporum
1123 1868 1180 1913 et
1194 1858 1431 1926 urbium,
1450 1877 1538 1917 ar-

343 1944 452 2003 mis
463 1941 671 1999 Vitellii
684 1940 950 2019 (namque
964 1955 1016 1999 et
1033 1939 1343 2018 praemissae
1360 1965 1391 2002 a
1403 1949 1540 2002 Cae-

346 2030 474 2090 cina
510 2032 773 2087 cohortes
813 2025 1185 2102 advenerant)
1228 2031 1540 2091 tenebatur.

345 2130 504 2194 capta
530 2114 945 2172 Pannoniorum
992 2115 1197 2172 cohors
1237 2115 1385 2194 apud
1407 2123 1542 2176 Cre-

348 2221 596 2263 monam.
646 2200 936 2278 intercepti
967 2215 1186 2259 centum
1213 2204 1451 2277 equites,
1475 2225 1544 2262 ac

348 2287 499 2349 mille
518 2286 707 2347 classici
726 2289 871 2344 inter
897 2285 1223 2347 Placentiam
1241 2289 1540 2347 Ticinum-

350 2394 497 2452 que;
545 2393 658 2452 quo
694 2369 927 2432 successu
963 2371 1294 2430 Vitellianus
1340 2372 1497 2431 miles
1521 2418 1539 2447 ,

349 2479 472 2520 non
502 2459 623 2538 jam
667 2460 894 2521 flumine
919 2474 1017 2519 aut
1052 2458 1185 2538 ripis
1235 2459 1543 2521 arcebatur.
