1759 2975
324 165 916 212 uta-romanum
948 167 1083 208 mn.
1117 160 1216 207 11.
1300 162 1419 224 103

227 265 376 330 ἔπιες
407 276 606 332 agmen
632 255 916 332 legionum
931 254 1046 313 alae
1061 250 1423 331 cohortesque

227 343 677 424 praeveniebant.
725 362 797 400 ex
818 339 932 418 ipsa
951 343 1081 399 urbe
1100 338 1243 399 haud
1272 335 1419 417 sper·

228 429 415 489 nenda
426 428 1418 505 manus‚quinquepraetoriaecohor·

230 529 335 583 ter,
360 530 416 571 et
437 514 681 591 equitum
700 513 899 571 vexilla
919 533 1042 572 cum
1068 513 1287 588 legione
1307 511 1417 588 pri·

230 620 354 660 ma:
398 618 461 657 ac
486 597 728 659 deforme
751 598 965 678 insuper
990 599 1281 668 auxilium,
1307 597 1419 655 duo

229 686 398 746 millia
418 685 803 763 gladiatorum,
831 684 921 745 sed
945 706 1044 764 per
1065 685 1249 744 civilia
1269 702 1422 742 arma

224 771 599 832 etiamseveris
610 771 836 831 ducibus
850 770 1190 850 usurpatum.
1221 772 1307 828 bis
1324 790 1419 826 co-

225 860 331 938 piis
352 862 532 920 testor
564 857 785 915 additua
809 857 1028 914 Annius
1054 856 1269 927 Gallus,
1296 874 1422 912 cum

224 943 803 1019 Vestricio,Spu=-inna
821 940 894 998 ad
915 938 1268 1018 occupandas
1291 940 1424 998 Padi

227 1031 378 1108 ripas
396 1024 754 1108 praemissus:
798 1030 1068 1103 quoniam
1101 1027 1273 1103 prima
1287 1045 1425 1085 con·

226 1113 469 1174 filiorum
508 1112 701 1172 frustra
732 1112 1064 1183 ceciderant,
1100 1108 1424 1190 transgreffo

219 1202 341 1279 jam
357 1201 525 1280 Alpes
544 1201 801 1274 Caecina,
817 1219 981 1278 quem
1007 1198 1108 1258 fisti
1127 1201 1273 1258 intra
1291 1199 1424 1258 Gal·

226 1287 330 1358 liat
369 1286 518 1366 poffe
556 1285 885 1364 speraverat.
933 1283 1110 1365 ipsum
1134 1290 1423 1346 Othonem

226 1377 636 1434 comitabantur
659 1372 1057 1452 speculatorum
1076 1373 1209 1431 lefta
1225 1392 1423 1453 corpo·

230 1481 313 1536 ra,
325 1482 452 1521 cum
465 1461 657 1521 ceteris
674 1460 961 1538 praetoriis
973 1460 1319 1532 cohortibus,
1331 1479 1426 1518 ve·

231 1550 407 1608 terani
420 1570 449 1606 e
463 1560 614 1626 praet
621 1544 1103 1618 orio,classicorum
1119 1546 1313 1621 ingens
1325 1565 1428 1602 nu·

231 1653 418 1695 merua
428 1675 441 1691 .
474 1630 672 1689 necilli
684 1628 842 1704 segne
851 1644 948 1688 ant
962 1644 1280 1711 corruptum
1291 1628 1427 1691 luxu

231 1721 374 1780 iter:
423 1716 513 1775 sed
538 1716 706 1775 lorica
724 1714 904 1776 ferrea
928 1714 1055 1774 usus
1084 1712 1180 1789 est,
1213 1731 1269 1774 et
1300 1733 1428 1777 ante

233 1804 383 1883 ligna
403 1801 661 1884 pedester,
684 1801 967 1875 horridus,
988 1804 1326 1883 incomptus-z,
1346 1804 1427 1863 fa·

152 1911 177 1954 ι
195 1908 230 1951 2
244 1910 476 1970 maeque
497 1888 776 1950 dissimilis.
866 1889 1251 1951 Blandiebatur
1265 1912 1427 1972 coep·

233 1979 308 2037 tis
332 1977 585 2046 fortuna,
618 1973 841 2055 poffeffa
880 1996 978 2057 per
1007 1995 1151 2036 mare
1173 1994 1230 2036 et
1254 1999 1426 2038 naves

234 2064 445 2140 majore
481 2062 666 2121 Italiae
695 2079 868 2141 parte,
911 2065 1131 2142 penitus
1164 2064 1328 2142 usque
1357 2065 1425 2124 ad

236 2151 461 2208 initium
498 2151 892 2208 maritimarum
925 2148 1175 2227 Alpium;
1224 2151 1427 2227 quibus

237 2231 551 2315 tentandis,
581 2234 1083 2312 aggrediendaeque
1113 2239 1431 2313 provinciae

238 2318 610 2390 Narbonensi,
633 2321 890 2380 Suedium
914 2323 1280 2393 Clementem,
1313 2327 1429 2378 An·

240 2409 456 2466 tonium
485 2407 807 2478 Novellum,
831 2408 1123 2466 Aemilium
1145 2402 1428 2463 Pacensem

240 2492 407 2555 duces
439 2492 680 2573 dederat.
735 2493 825 2552 sed
856 2491 1097 2552 Patentis
1130 2512 1227 2572 per
1263 2489 1433 2551 licen·

102 1486 123 1567 ‚i
