1759 2975
441 179 1033 226 maronianum
1069 181 1201 225 mn.
1232 181 1281 224 ιι
1368 159 1476 239 57

264 262 290 300 ‘
305 263 480 325 rasse!
524 264 584 324 id
612 264 1007 325 sacramentum
1033 268 1198 323 inane
1233 256 1449 329 visum3

258 352 280 386 ‘
295 354 557 430 occupari
576 363 861 410 nutantem
884 350 1186 423 fortunam,
1204 365 1257 408 et
1281 344 1450 407 offer-

255 439 276 471 ‘
299 441 347 497 ri
368 440 676 517 principem
693 440 708 464 '
740 437 962 516 placuit.
1008 436 1139 496 miffi
1159 457 1190 494 a
1210 432 1447 493 Vitellio

251 524 322 583 ad
357 525 599 600 legiones
631 523 968 603 legatosque,
1002 527 1098 603 qui
1136 517 1449 581 ‘descivisse

250 610 272 644 ‘
291 631 324 669 a
343 610 517 669 Galba
533 608 865 689 superiorem
881 613 1184 670 exercitum
1201 612 1216 637 '
1247 606 1446 665 nunci-

251 711 412 756 arent
433 718 451 767 ;
497 697 518 727 ‘
542 696 776 775 proinde
797 713 892 756 aut
909 696 1225 756 bellandum
1243 693 1443 753 adver-

249 783 269 815 ‘
296 783 383 842 sus
401 781 774 854 desciscentes,
785 801 880 841 aut
898 782 1251 841 siconcordia
1264 795 1317 838 et
1328 796 1443 858 pax

250 869 271 901 ‘
303 870 549 948 placeat,
586 868 890 926 faciendum
915 871 1338 947 imperatorem:
1382 879 1443 923 et

252 955 271 986 ‘
301 957 519 1011 minore
564 952 878 1011 discrimine
924 952 1058 1010 sumi
1101 952 1400 1030 principem
1421 992 1441 1023 ,

171 1057 249 1115 57
265 1038 287 1070 ‘
303 1058 470 1116 quam
489 1039 718 1115 quaeri.'
790 1041 1047 1097 Proxima
1066 1037 1301 1114 legionis
1328 1038 1440 1116 pri·

248 1144 375 1184 mae
414 1126 637 1182 hiberna
673 1140 835 1182 erant
852 1167 870 1197 ,
919 1141 976 1184 et
1013 1123 1436 1203 promptissimus

248 1215 280 1270 ὲ
306 1211 498 1287 legatis
523 1212 717 1269 Fabius
735 1211 967 1271 Valens.
1023 1215 1071 1269 is
1098 1211 1188 1271 die
1216 1211 1433 1291 postero

242 1297 521 1357 coloniam
544 1300 991 1378 Agrippinensem
1010 1318 1132 1358 cum
1155 1297 1435 1376 equitibus

241 1383 475 1460 legionis
492 1427 512 1457 ,
558 1387 1086 1463 auxiliariorumque
1125 1383 1393 1462 ingreffus
1411 1424 1432 1457 ,

241 1471 919 1550 imperatoremVitellium
932 1470 1317 1531 consalutavit.
1353 1468 1447 1528 se-

241 1573 403 1617 cutae
439 1559 652 1634 ingenti
689 1560 989 1615 certamine
1019 1555 1260 1632 ejusdem
1301 1576 1442 1633 pro·-

240 1646 459 1704 vinciae
474 1638 722 1718 legiones
742 1663 771 1699 e·
796 1660 850 1700 et
869 1639 1113 1719 superior
1133 1645 1434 1718 exercitus,

239 1728 278 1790 s
265 1727 495 1810 peciolis
519 1726 736 1787 sen-atus
752 1727 1053 1808 populique
1069 1731 1308 1788 Romani
1325 1750 1431 1789 no-

242 1817 488 1876 minibus
500 1815 722 1885 τεὶἰᾶἱε,
740 1818 961 1874 tertium
982 1835 1161 1875 nonas
1176 1819 1431 1893 Januari-

242 1922 303 1960 as
323 1901 818 1972 Vitellioaeceffit3
867 1900 1027 1961 scires
1057 1901 1209 1963 illum
1242 1908 1428 1984 priore

240 1988 412 2048 biduo
430 2009 546 2046 non
564 2008 726 2066 penes
743 1990 1125 2067 rempublicam
1138 1989 1308 2053 fuiffe.
1342 2012 1426 2051 ar-

238 2073 431 2134 d'orem
462 2078 798 2134 exercituum
817 2075 1265 2155 Agrippinenses,
1279 2082 1428 2138 Tre·

238 2164 382 2236 veri,
404 2164 686 2236 Lingones
709 2159 1041 2240 aequabant,
1083 2163 1102 2194 ‘
1120 2165 1343 2239 auxilia,
1368 2184 1427 2222 e·

239 2249 262 2280 ‘
283 2266 455 2325 quoa,
488 2267 660 2319 arma,
691 2251 952 2326 pecunias
968 2252 994 2277 ’'
1015 2247 1337 2324 offerentes,
1363 2265 1428 2308 ut

239 2332 471 2412 quisque
501 2350 758 2411 corpore,
789 2338 1009 2413 opibus,
1037 2336 1262 2411 ingenio
1284 2334 1428 2392 vali-

242 2420 365 2477 dus.
422 2438 527 2478 nec
559 2422 833 2499 principes
871 2422 1044 2480 modo
1073 2421 1427 2479 coloniarum
1479 2490 1485 2497 .

244 2519 342 2563 aut
360 2504 687 2584 castrorum,
710 2505 1236 2587 quibus'praesentia
1255 2523 1328 2563 ex
1349 2505 1435 2564 as-
