1759 2975
381 150 968 196 υιετοιιιΑιυω
1002 151 1211 197 ωλι.
1320 149 1403 212 71

208 233 463 299 adversus
481 235 758 316 publicum
770 234 985 310 odium,
997 237 1263 313 privatam
1281 255 1407 316 gra-

206 327 343 387 tiam
355 338 642 405 praeparat
663 345 682 383 ς
722 321 873 383 unde
887 322 1044 383 nulla
1052 324 1408 385 innocentiae

207 431 367 487 curn,
386 409 476 471 sed
491 410 643 469 vices
658 410 1024 489 impunitatis.
1053 431 1126 472 eo
1141 410 1411 472 infenfior

207 496 478 580 populus,
501 494 687 557 addita
707 496 774 557 ad
798 509 955 557 vetus
983 498 1253 576 Tigellini
1281 498 1407 559 odi-

208 604 311 645 um
332 584 536 645 recenti
560 588 641 644 T.
661 585 821 644 Vinii
842 584 1081 660 invidia,
1106 606 1407 647 concurre·

205 691 276 733 te
298 674 332 730 ὲ
361 686 482 731 tota
504 671 640 731 urbe
659 672 718 730 in
756 670 1022 752 palatium
1059 691 1122 733 ac
1151 671 1271 733 fora
1288 715 1309 749 ‚
1348 686 1409 734 et

207 759 310 820 ubi
345 758 580 839 plurima
609 757 765 834 vulgi
793 758 1019 819 licentia
1034 801 1056 834 ,
1097 760 1159 819 in
1195 763 1407 820 circum

211 866 281 906 ac
305 846 520 904 theatra
539 842 714 919 effufi,
746 842 1011 907 seditiofis
1043 847 1277 906 vocibus
1302 848 1408 908 ob·

210 930 480 1011 strepere:
524 930 705 989 donec
724 929 1067 1008 Tigellinus,
1099 945 1328 1011 accepto
1351 951 1410 991 a·

210 1016 330 1097 pud
355 1012 702 1076 sinness‘anas
726 1034 898 1096 aquas
920 1013 1199 1095 supremae
1227 1014 1412 1079 neces·

213 1101 392 1165 fitatis
415 1104 657 1179 nuncio,
692 1104 840 1163 iuter
868 1101 1052 1184 stupra
1071 1106 1410 1166 concubina·

212 1209 366 1267 rum,
386 1203 441 1248 et
464 1186 669 1265 oscula,
696 1205 755 1250 et
776 1189 1053 1252 deformes
1074 1211 1282 1270 moras,
1298 1191 1410 1254 sec-

210 1279 289 1339 tis
317 1275 593 1338 novacula
611 1275 860 1339 faucibus
882 1321 901 1349 ,
948 1278 1207 1340 infamem
1229 1282 1408 1342 vitam

12 1423 13 1430 ,
214 1362 463 1425 foedavit
490 1366 660 1426 etiam
683 1367 838 1425 exitu
859 1363 983 1425 sero
1002 1382 1061 1426 et
1091 1363 1405 1428 inhonesto-

12 1465 17 1535 ξ
129 1466 163 1524 7
175 1455 326 1528 3Per
344 1447 493 1513 idem
515 1466 735 1531 tempus
756 1452 1102 1532 expostulata
1115 1453 1185 1513 ad
1202 1452 1409 1534 suppli:-

213 1540 361 1598 cium
381 1538 584 1599 Galvia
606 1537 921 1618 Crispinilla
939 1583 957 1611 ,
993 1540 1159 1598 variis
1181 1540 1406 1600 frustra·

211 1625 501 1699 tionibus,
529 1639 587 1684 et
610 1622 832 1684 adversa
853 1624 1229 1685 dissimulantis
1256 1628 1410 1705 prin·

211 1711 352 1791 cipis
375 1710 541 1786 fama,
555 1709 801 1791 periculo
817 1727 1073 1792 exempta
1091 1710 1162 1771 est
1180 1733 1195 1770 ε
1238 1715 1409 1792 magi-

213 1796 321 1859 stra
358 1796 648 1858 libidinum
683 1800 951 1868 Neronis,
990 1795 1310 1878 transgressa
1348 1803 1408 1862 in

212 1883 464 1946 Africum
501 1883 571 1944 ad
605 1883 970 1963 instigandum
1001 1888 1061 1945 in
1098 1907 1251 1946 arma
1277 1887 1412 1948 Clo-

213 1971 368 2033 dium
392 1976 679 2048 Macrum,
714 1971 914 2031 famem
949 1974 1141 2054 populi
1169 1977 1410 2037 Romani

213 2057 361 2118 haud
396 2056 624 2119 obscure
645 2058 839 2118 molita
858 2101 878 2134 ,
925 2063 1099 2120 totius
1131 2061 1311 2141 postea
1332 2064 1410 2123 ci·

214 2146 410 2207 vitatis
446 2147 675 2221 gratiam
714 2146 962 2205 obtinuit
993 2148 1264 2209 consulari
1294 2169 1411 2210 ma·

216 2232 488 2292 trimonio
509 2232 707 2291 innixa
728 2247 785 2291 et
804 2233 950 2310 apud
962 2235 1214 2310 Galbam,
1233 2239 1414 2295 Otho·

216 2337 342 2379 nem
348 2316 676 2394 ,Vitellium
692 2317 870 2378 illaesa
892 2341 909 2379 t
948 2341 1085 2380 mox
1102 2336 1301 2400 potens
1318 2339 1415 2399 pe·

222 2407 411 2481 cunia,
436 2419 493 2464 et
515 2406 775 2481 orbitate,
796 2426 938 2487 quae
960 2408 1128 2468 bonis
1154 2407 1419 2482 malisque

134 2509 166 2566 7
181 2510 220 2567 4
234 2494 575 2573 temporibus
588 2491 756 2573 juxta
772 2492 982 2555 valent.
1075 2494 1312 2552 crebrae
1333 2491 1423 2552 in·
1479 2558 1484 2565 ,
