1759 2975
427 156 1015 201 maronianum
1050 158 1256 200 mna.
1360 136 1444 200 61

260 264 318 305 ra
342 244 487 302 inter
513 242 817 300 exercitum
841 242 1334 320 imperatoremque
1367 238 1453 299 di·-

259 328 506 389 verfitaa.
557 326 755 386 instare
783 326 977 402 miles,
1016 348 1163 387 arma
1192 325 1454 406 poscere;

261 419 280 458 -‘
306 415 437 476 dum
456 413 667 472 Galliae
684 413 980 492 trepident,
1005 413 1135 474 dum
1157 412 1458 492 Hispaniae

258 502 282 538 ‘
307 504 669 572 enucleatum
703 521 820 558 non
842 500 1054 560 obstare
1076 503 1333 573 hiemem,
1359 520 1458 558 ne-

260 590 284 624 ‘
311 608 420 667 que
437 589 665 664 ignavae
681 590 1058 666 pacismora33
1088 585 1461 645 invadendam

264 677 287 710 ‘
310 675 547 747 Italiam,
569 674 949 752 occupandam
972 675 1198 744 urbem3
1234 674 1373 731 nihil
1397 674 1462 731 in

263 761 287 799 ⁴
311 759 599 820 discordiis
623 760 876 818 civilibus
893 758 1239 818 festinatione
1264 760 1466 832 tutius,

266 850 287 883 ‘
313 848 407 905 ubi
423 846 571 904 faeto
587 848 760 921 magis
779 863 946 922 quam
965 845 1220 903 consulto
1234 840 1465 922 opuses-

269 934 291 966 ‘
321 932 444 991 set.'
491 934 748 1007 torpebat
768 930 1070 1004 Vitellius,
1108 944 1164 986 et
1186 928 1466 989 fortunam

275 1018 622 1097 principatus
644 1016 806 1072 inerti
828 1014 963 1074 luxu
981 1036 1043 1073 ac
1064 1014 1309 1095 prodigis
1332 1033 1463 1095 epu·

275 1107 348 1164 lis
372 1098 763 1181 praesumebat,
782 1100 963 1161 medio
979 1103 1086 1162 diei
1105 1103 1465 1177 temulentus,

272 1205 331 1250 et
363 1187 547 1265 sagina
576 1190 762 1266 gravis
780 1212 798 1260 ;
846 1210 972 1249 cum
1004 1208 1186 1249 tamen
1215 1189 1386 1249 ardor
1406 1204 1467 1249 et

272 1279 363 1337 vis
381 1274 617 1335 rnilitum
635 1274 781 1334 ultro
795 1276 950 1335 ducis
974 1278 1160 1336 munia
1183 1273 1467 1357 implebat,

273 1379 339 1424 ut
370 1360 409 1421 fi
445 1360 641 1422 adesset
671 1365 1007 1442 imperator,
1044 1380 1100 1422 et
1123 1361 1351 1436 strenuis
1377 1360 1468 1420 vel
1563 1399 1578 1409 -

274 1450 494 1530 ignavis
532 1446 677 1530 spem
718 1468 1038 1528 metumque
1076 1448 1324 1508 adderet.
1380 1452 1468 1507 in·

276 1537 461 1598 structi
477 1537 791 1611 intentique
807 1537 827 1566 ⁴
844 1533 1056 1609 {ignum
1078 1534 1439 1613 profestionis
1453 1537 1469 1562 ’

202 1644 207 1653 ·
277 1619 628 1703 exposcunt:
675 1624 905 1678 nomine
932 1622 1275 1689 Germanici,
1292 1620 1472 1678 Vitel-

279 1714 357 1770 lio
374 1708 557 1768 statim·
573 1705 765 1766 addito
779 1726 797 1763 ε
845 1702 1128 1765 Caessrem
1145 1703 1198 1764 se
1215 1704 1472 1785 appellari

280 1799 446 1856 etiam
471 1796 652 1853 vicion-
675 1794 990 1873 prohibuit:
1027 1790 1230 1852 laetum
1255 1796 1472 1871 auguri-

280 1903 375 1941 um
392 1882 565 1940 Fabio
577 1882 803 1939 Valenti
818 1882 1216 1960 exercituique,
1229 1901 1398 1960 quem
1412 1884 1474 1940 in

281 1967 486 2030 bellum
514 1971 728 2045 agebat,
757 1965 877 2047 ipso
899 1966 1252 2046 profectionis
1269 1969 1379 2041 die,
1418 1987 1475 2025 a·

283 2055 437 2134 qnila
459 2054 571 2111 leni
589 2069 808 2127 meatu,
847 2070 1011 2132 prout
1033 2076 1229 2132 agmen
1257 2053 1475 2112 incede-

284 2155 372 2200 ret
393 2182 413 2216 ,
449 2138 597 2198 velut
624 2139 740 2199 dux
772 2142 892 2198 viae
928 2141 1305 2219 puaevolavitt
1356 2140 1479 2197 lon-

283 2244 529 2307 gumque
544 2225 907 2306 per-spatium,
925 2229 972 2284 is
994 2227 1350 2303 gaudentium
1372 2226 1475 2282 mi-

280 2314 446 2374 litum
474 2313 714 2384 clamor,
750 2332 812 2371 ea
837 2315 996 2391 quies
1019 2314 1302 2372 interritae
1329 2309 1480 2368 alitia

282 2399 430 2474 fuit,
473 2416 535 2458 ut
560 2399 704 2458 haud
726 2398 951 2458 dubium
984 2417 1218 2475 magnae
1247 2410 1302 2451 et
1328 2393 1480 2472 pros·-

205 2485 459 2569 6gperae
480 2489 562 2547 rei
583 2504 753 2557 omen
785 2487 1144 2563 acciperetur.
1240 2484 1316 2538 Et
1335 2486 1482 2540 Tre-
