1759 2975
303 138 438 207 230
513 140 575 185 e.
605 140 989 184 connati!
1023 138 1316 184 τΑοιτι

306 223 596 299 adjutrice
629 221 841 299 legione
873 235 1025 296 orto,
1063 241 1205 300 quae
1230 223 1507 284 memoria

306 309 546 369 Othonis
570 307 721 367 infen
730 307 779 367 sa
789 307 1045 382 Vitellio,
1063 308 1334 367 decimam
1354 328 1504 388 quo·

304 414 413 475 que
433 413 494 452 ac
511 391 716 453 sextam
740 395 932 453 traxit.
979 413 1083 455 nec
1099 394 1308 453 Galliae
1323 415 1504 454 cunc-

306 481 586 539 tabantur.
627 496 684 539 et
707 482 1072 552 Britanniam,
1095 480 1338 558 inclytus
1371 501 1517 559 erga-

306 564 691 647 Vespafianum
716 565 900 640 favor,
916 566 1069 646 quod
1093 566 1209 627 illic
1230 565 1502 627 secundae

307 652 513 731 legioni
536 674 569 711 a
598 652 832 713 Claudio
869 651 1223 734 praepofitus,
1260 668 1316 712 et
1349 654 1503 713 bello

307 739 487 801 clarus
508 754 720 818 egerat,
764 759 885 799 non
918 737 1027 798 fine
1057 755 1211 799 motu
1237 740 1503 818 adjunxit

305 841 634 902 ceterarum,
656 828 714 885 in
734 827 938 904 quibus
955 826 1198 906 plerique
1212 828 1503 887 centurio-

306 933 407 971 nes
429 933 490 972 ac
505 913 704 973 milites
725 933 755 970 a
768 911 1003 972 Vitellio
1020 914 1283 991 provecti,
1300 932 1501 992 exper-

310 1013 425 1057 tum
472 998 587 1075 jam
634 1000 938 1078 principem
979 1001 1132 1058 anxii
1177 1000 1488 1059 mutabant.

306 1089 387 1142 Ea
409 1083 696 1158 discordia,
731 1100 785 1142 et
811 1085 1014 1143 crebris
1040 1083 1165 1144 belli
1190 1084 1370 1145 civilis
1395 1106 1492 1144 ru·
1507 1103 1585 1161 45

305 1171 570 1238 moribus,
584 1170 831 1227 Britanni
851 1168 1103 1229 sustulere
1113 1173 1352 1245 animoa,
1365 1192 1500 1233 auc-

308 1271 427 1315 tore
449 1254 725 1314 Venusto:
774 1258 868 1335 qui
908 1254 1066 1335 super
1103 1255 1316 1316 inlitam
1350 1257 1501 1319 sero·

307 1345 469 1416 ciam,
502 1356 555 1421 et
574 1345 811 1401 Romani
846 1345 1090 1402 nominis
1121 1343 1333 1416 odium,
1366 1364 1502 1423 pro·

311 1431 446 1511 priis
460 1430 517 1489 in
530 1426 994 1489 Cartismanduam
1010 1432 1251 1508 reginam
1265 1427 1498 1491 stimulis

307 1517 724 1577 accendebatur.
781 1514 1194 1593 Cartismandua
1223 1517 1498 1593 Briganti-

309 1603 413 1662 bus
435 1604 800 1683 imperitabat,
830 1602 1044 1681 pollens
1068 1602 1396 1663 nobilitate:
1442 1620 1500 1663 et

308 1703 535 1748 auxerat
560 1690 885 1769 potentiam,
909 1689 1193 1769 postquam
1216 1703 1380 1766 capto
1397 1709 1500 1767 per

305 1773 497 1834 dolum
539 1796 663 1852 rege
707 1779 1025 1849 eameram,
1062 1773 1365 1834 instruxisse
1402 1780 1496 1834 tri·

308 1864 572 1936 umphum
585 1861 798 1920 Claudii
812 1859 1056 1920 Caesaris
1073 1861 1376 1921 videbatur.
1408 1864 1497 1921 in·

307 1943 377 2004 de
402 1966 559 2026 opeS,
597 1962 653 2004 et
682 1967 861 2005 rerum
894 1944 1251 2007 secundarum
1283 1946 1490 2022 luxus;

305 2030 486 2111 spreto
511 2030 758 2090 Venufio
800 2029 878 2101 (is
900 2030 1007 2091 fuit
1033 2035 1291 2110 maritus)
1323 2037 1493 2094 armi-

303 2138 493 2196 gerum
509 2115 627 2194 ejus
640 2116 987 2177 Vellocatum
1006 2120 1063 2178 in
1079 2122 1495 2179 matrimonium

309 2222 645 2282 regnumque
660 2195 891 2284 accepit.
939 2223 1114 2264 concu
1123 2202 1199 2263 ffa‘
1210 2204 1380 2263 statim
1397 2208 1491 2264 fla·

301 2291 679 2367 gitiodomus:
712 2309 816 2368 pro
828 2292 1024 2348 marito
1041 2288 1211 2350 studia
1229 2291 1494 2368 civitatis,

308 2395 410 2451 pro
440 2375 686 2435 adultero
716 2376 888 2434 libido
915 2377 1155 2452 reginae,
1176 2392 1229 2434 et
1252 2376 1484 2437 saevitia.

306 2457 754 2536 igitur-,Venutius
773 2462 962 2526 accitis
976 2461 1224 2539 auxiliis,
1235 2460 1393 2523 simul
1411 2465 1496 2541 ip-
