1759 2975
332 147 457 198 110
559 153 1043 196 &contentu
1080 155 1377 197 rncrrr

325 238 346 271 ‘
372 236 614 310 tendere,
645 234 683 295 fi
715 257 840 296 cum
863 238 1104 297 exercitu
1131 242 1385 315 Caecina,
1410 260 1509 318 pa·

313 323 336 358 ⁶
360 325 607 383 tentibus
629 326 861 400 campis,
886 340 998 382 tam
1025 345 1221 404 paucas
1246 328 1503 385 cohortes

318 410 339 448 ‘
362 409 830 470 circumfudiffet.'
878 413 1103 489 jamque
1147 414 1277 470 totis
1321 412 1506 472 castris

313 495 536 556 modesti
554 494 851 568 sermones,
867 513 921 554 et
934 496 1294 557 inserentibus
1310 495 1363 556 se
1374 520 1506 559 cen·

314 584 626 641 turionibus
667 582 1041 661 tribunisque,
1077 583 1285 642 laudari
1332 586 1352 617 ‘
1370 606 1504 664 pro-

278 741 287 750 .
313 671 333 700 ‘
358 670 599 728 videntia
628 670 821 740 ducis3
872 668 1022 746 quod
1060 670 1338 727 coloniam
1367 672 1503 729 viri-

315 758 332 785 ‘
361 775 451 813 um
475 771 530 813 et
558 776 726 834 opum
754 754 1014 828 validam,
1043 758 1211 811 robur
1227 774 1290 812 ac
1315 753 1497 815 stdem

313 846 330 872 ‘
355 842 501 900 bello
520 841 766 919 legisset?
802 840 912 920 ipse
929 839 1199 920 postremo
1217 844 1495 919 Spurinna

309 949 430 987 non
455 945 564 987 tam
590 930 802 1008 culpam
825 930 1192 1007 exprobrans»,
1217 946 1381 1005 quam
1407 950 1494 987 ra-

312 1017 466 1073 tione
487 1015 800 1086 ostendenS,
821 1016 1019 1073 relictis
1038 1013 1498 1093 exploratoribus,

308 1116 523 1160 ceteros
546 1101 874 1159 Placentiam
906 1099 1145 1173 reduxit,
1172 1103 1361 1157 minus
1382 1115 1496 1158 tur-

306 1186 489 1260 bidos,
523 1201 579 1243 et
609 1188 837 1265 imperia
868 1187 1214 1263 accipientes.
1272 1183 1496 1246 solidati

305 1275 467 1343 muri,
493 1271 906 1350 propugnacula
930 1270 1134 1342 addita,
1170 1274 1353 1328 auctae
1374 1285 1494 1330 tur-

304 1375 412 1428 res,
430 1355 645 1434 provisa
663 1373 957 1435 parataque
972 1376 1094 1413 non
1117 1374 1270 1413 arma
1291 1357 1489 1432 mode,

303 1440 388 1502 sed
406 1441 723 1523 obsequium
736 1460 791 1502 et
808 1441 1031 1524 parendi
1047 1461 1225 1517 amor,
1237 1441 1388 1523 quod
1401 1442 1489 1504 so·

298 1530 412 1589 lum
437 1531 544 1590 illis
579 1533 824 1610 partibus
850 1530 1063 1604 defuit,
1095 1550 1220 1589 cum
1259 1532 1485 1592 virtutis

300 1617 444 1676 haud
484 1620 808 1697 poeniteret.
899 1625 975 1676 At
1007 1619 1272 1692 Caecina,
1318 1616 1470 1677 velut
1490 1633 1576 1678 20

297 1702 482 1761 relicta
522 1703 639 1782 post
670 1704 834 1782 Alpes
869 1701 1090 1762 {aevitia
1125 1723 1186 1761 ac
1220 1703 1442 1770 licentia
1460 1747 1483 1780 ,

294 1788 543 1847 modesto
557 1792 773 1865 agmine
790 1808 882 1865 per
901 1790 1112 1847 Italiam
1131 1790 1357 1849 incessit.
1389 1810 1483 1848 or-

294 1889 482 1932 natum
512 1875 696 1953 ipsine,
733 1875 1025 1953 municipia
1057 1890 1113 1931 et
1137 1875 1399 1934 coloniae·
1419 1879 1481 1936 in

286 1955 587 2037 superbiam
612 1963 929 2020 trahebant:
974 1959 1127 2038 quod
1154 1959 1482 2022 versicolore

287 2044 495 2121 sagulo,
519 2048 736 2107 braccas
761 2049 1049 2107 barbarum
1074 2063 1291 2122 tegmen
1310 2048 1470 2107 indu·

286 2146 635 2209 tu8,togatos
652 2134 1039 2212 alloqueretur.
1087 2153 1314 2191 uxorem
1334 2155 1475 2212 quo·

285 2238 395 2295 que
416 2219 535 2296 ejus
559 2220 895 2288 Saloninam,
913 2239 1243 2297 quamquam
1267 2222 1324 2277 in
1349 2221 1474 2279 nul·

280 2303 388 2362 lius
411 2305 667 2382 injuriam
699 2303 897 2382 infigni
921 2325 1066 2383 equo
1092 2303 1346 2382 ostroque
1373 2326 1470 2363 ve-

275 2391 498 2450 heretur
520 2435 537 2465 ,
585 2408 856 2470 tamquam
900 2390 1020 2450 laefi
1053 2392 1428 2468 gravabantur
1445 2413 1466 2448 ε

267 2473 762 2541 innumeralibus
782 2493 998 2556 natura,
1022 2492 1299 2554 recenttm
1324 2477 1465 2539 ato-
