1759 2975
391 168 478 248 76
574 189 1064 235 mentuunt
1096 189 1404 237 rnen-1

384 275 795 354 Cappadociae,
846 294 1000 336 nova
1033 273 1254 336 Africae
1269 316 1291 352 ‚
1334 274 1583 338 ostentui*

379 363 555 438 magis
572 381 736 441 quam
757 360 1030 423 mansura.
1074 363 1223 422 inter
1236 380 1376 442 quae
1389 360 1582 423 neces-

379 444 536 505 fitate
562 445 927 528 praesentium
954 467 1137 509 rerum
1159 462 1218 509 et
1243 446 1576 508 instantibus

378 535 528 592 curis
551 531 804 593 excusata
820 577 839 609 ‚
894 555 967 593 ne
988 548 1105 594 tum
1131 533 1355 614 quidem
1379 534 1572 594 imme-

376 636 503 678 mor
524 639 800 696 amorum,
839 619 1039 679 statuas
1063 627 1347 701 Poppaeae
1370 640 1467 700 per
1488 619 1570 679 se·

375 703 847 766 natusconsultum
864 703 1126 786 reposuit.
1169 705 1410 766 creditus
1422 704 1497 766 est
1508 726 1567 765 e·

377 791 510 851 tiam
532 791 602 852 de
621 792 943 854 celebranda
959 792 1204 852 Neronis
1225 794 1490 852 memoria
1504 813 1567 851 a·

373 875 643 956 giraviffe,
663 877 755 960 spe
768 877 996 957 vulgum
1010 876 1320 951 alliciendi3
1363 893 1420 939 et
1447 877 1567 939 flie-

375 983 437 1024 re
464 967 561 1048 qui
584 966 852 1045 imagines
881 967 1121 1027 Neronis
1148 979 1562 1046 proponerent:

373 1065 545 1132 atque
572 1055 738 1112 etiam
759 1054 996 1127 Othoni,
1019 1051 1342 1133 quibusdam
1368 1051 1563 1112 diebus

372 1138 614 1217 populus
637 1153 693 1196 et
715 1138 896 1211 miles,
913 1153 1196 1217 tamquam
1214 1140 1562 1198 nobilitatem

369 1243 435 1282 ac
459 1222 625 1283 decus
642 1221 965 1297 astruerent,
982 1229 1217 1282 Naxon
1231 1244 1255 1285 1
1278 1229 1556 1284 Ornom

368 1308 714 1369 acclamavit.
760 1305 945 1388 ipsein
962 1305 1216 1388 suspenso
1228 1309 1435 1381 tenuit,
1460 1329 1559 1369 ve·

369 1392 528 1454 tandi
572 1409 721 1455 metu
743 1435 761 1468 ,
808 1393 898 1454 vel
939 1391 1271 1471 agnoscendi
1319 1393 1557 1474 pudore.

370 1479 665 1542 Conversis
691 1480 757 1542 ad
786 1480 949 1540 civile
974 1480 1178 1542 bellum
1204 1482 1427 1557 animis,
1449 1501 1596 1563 eat-7·
1606 1507 1646 1570 9

366 1584 530 1630 terna
552 1567 663 1630 fine
691 1584 821 1629 cura
842 1570 1207 1628 habebantur.
1256 1589 1324 1628 eo
1347 1569 1555 1630 auden·

366 1659 478 1716 tius
502 1655 817 1716 Rhoxolani
848 1658 1141 1715 Sarmatica
1169 1676 1329 1733 gens,
1370 1658 1555 1737 priore

362 1745 543 1802 hieme
574 1740 736 1801 caefis
761 1741 974 1801 duabus
996 1744 1354 1814 cohortibu83
1401 1762 1555 1819 mag-

362 1848 438 1888 na
461 1826 552 1906 spe
575 1827 643 1886 ad
668 1824 927 1886 Moefiam
960 1828 1309 1906 irruperant,
1347 1847 1555 1888 novem

359 1913 536 1974 millia
569 1914 821 1993 equitum
855 1931 934 1970 ex
968 1910 1174 1971 ferocia
1206 1929 1264 1972 et
1289 1911 1519 1974 successu
1539 1956 1559 1988 ,

360 1997 593 2080 praedae
609 2000 782 2075 magis
804 2014 971 2075 quam
990 2016 1208 2077 pugnae
1224 1999 1461 2061 intenta.
1507 2002 1558 2058 i·

358 2086 512 2164 gitur
536 2105 710 2164 vagos
732 2099 788 2144 et
821 2082 1136 2144 incuriosos
1157 2127 1176 2158 ,
1212 2087 1373 2146 tertia
1405 2085 1554 2164 legio

357 2170 632 2250 adjunstis
657 2170 881 2232 auxiliis
902 2214 921 2246 ,
961 2186 1192 2252 repente
1216 2169 1451 2245 invafit;
1491 2193 1552 2233 a·

266 2324 281 2332 ,
357 2258 471 2342 pud
488 2263 774 2318 Romanos
799 2259 991 2318 omnia
1008 2257 1223 2336 proelio
1239 2273 1400 2339 aptae
1428 2264 1552 2317 Sar·

353 2359 539 2405 matae
553 2342 767 2424 disperfi
775 2387 794 2419 ‚
810 2359 905 2404 aut
918 2343 1179 2423 cupidine
1189 2341 1418 2421 praedae
1426 2363 1553 2419 gra-

358 2451 457 2489 ves
482 2451 650 2491 onere
685 2428 1038 2501 sarcinarum,
1061 2443 1118 2485 et
1141 2428 1356 2487 lubrico
1386 2429 1551 2489 itine-

347 2532 480 2578 rum
503 2517 755 2602 adempta
777 2533 1047 2599 equorum
1075 2514 1428 2597 pernicitate,
1456 2536 1554 2579 ve.-
