1759 2975
338 141 1088 210 nrsroxtAxRuumB.
1123 139 1224 185 11.
1311 139 1432 187 111

246 242 369 283 rum
410 222 722 281 felicitatem
755 222 933 297 aegris
961 220 1139 280 oculis
1178 218 1441 301 introspi-

245 328 369 369 cere
392 331 410 378 ;
458 307 794 385 modumque
806 305 1059 365 fortunae
1078 328 1110 365 a
1130 307 1299 366 nullis
1316 328 1438 368 ma·-

249 397 335 470 gis
351 396 591 471 exigere,
609 413 770 471 quam
788 412 932 470 quos
950 395 1005 450 in
1032 413 1209 473 aequo
1226 393 1432 452 videre.

253 482 495 538 Caecina
518 479 719 538 Padum
747 477 1115 556 transgressus,
1134 495 1341 538 tentata
1353 488 1436 539 Οε

253 567 639 625 thonianorum
655 565 758 625 fide
774 586 867 645 per
882 566 1220 646 colloquium
1232 581 1286 624 et
1301 586 1434 647 pro-

250 650 426 728 missa,
457 651 636 712 iisdem
678 657 904 731 petitus,
938 652 1219 733 postquam
1244 673 1355 732 pax
1375 668 1433 711 et
1478 723 1500 742 ·

249 739 544 798 eoncordia
568 738 814 818 speciosis
838 757 895 797 et
918 741 1086 798 irritis
1109 741 1434 797 nominibus

241 825 448 902 jaetata
483 823 645 896 sunt;
692 824 917 883 confina
938 824 1199 900 curasque
1236 825 1297 881 in
1332 841 1435 902 op-

248 914 653 989 pugnationem
682 909 988 968 Placentiae
1009 929 1209 984 magno
1234 923 1441 968 terrore

252 998 422 1053 vertit
441 1017 459 1053 =
498 1014 723 1072 gnarus,
742 996 980 1054 utinitia
1007 995 1130 1053 belli
1155 993 1437 1073 proveniss·

168 1101 203 1147 2
220 1103 243 1143 1
270 1080 405 1156 sent,
445 1081 641 1140 famam
674 1083 733 1139 in
763 1098 941 1140 cetera
969 1080 1109 1141 fore.
1202 1081 1300 1139 Sed
1323 1083 1442 1160 pri-

249 1188 375 1228 mus
402 1166 542 1240 diet,
572 1170 777 1247 impetu
809 1170 979 1245 magis
1010 1188 1173 1248 quam
1196 1156 1466 1228 veterani

249 1256 521 1314 exercitus
537 1257 768 1328 artibus,
784 1254 1081 1315 transaeftus
1098 1278 1115 1316 t
1159 1257 1332 1334 aperti
1349 1257 1439 1314 in-

250 1343 504 1420 cautique
534 1362 725 1402 muros
756 1342 992 1415 subiere,
1029 1345 1156 1402 cibo
1184 1345 1440 1420 vinoque

251 1446 597 1507 praegraves.
639 1430 697 1488 in
721 1448 788 1488 eo
803 1431 1114 1502 certamine,
1135 1428 1440 1507 pulcherri-

250 1535 403 1574 mum
438 1516 822 1592 amphitheatri
858 1534 1036 1592 opus,
1080 1513 1240 1573 fitum
1280 1529 1441 1572 extra

253 1619 472 1672 muros,
500 1600 896 1674 conflagravitt
943 1597 1052 1657 five
1067 1601 1136 1659 ab
1153 1619 1446 1677 oppugna·

258 1687 473 1744 toribus
500 1684 802 1754 incensum,
826 1685 961 1743 dum
978 1684 1123 1744 faces
1137 1702 1193 1744 et
1208 1685 1439 1762 glandes

256 1792 320 1830 ac
345 1771 582 1831 missilem
620 1774 798 1848 ignem
841 1775 896 1831 in
930 1771 1164 1832 obsess'os
1185 1772 1439 1849 jaculan-

256 1874 379 1929 tur;
406 1857 515 1917 five
530 1863 597 1919 ab
614 1857 847 1929 obst-ssis,
863 1859 996 1918 dum
1013 1876 1290 1938 regerunt.
1315 1881 1439 1921 mu·

255 1946 489 2024 nicipale
505 1947 700 2021 vulgus
726 1966 962 2027 pronum
987 1948 1053 2007 ad
1076 1946 1432 2028 suspiciones,

254 2029 444 2091 fraude
471 2033 620 2091 illata
649 2035 795 2109 ignis
826 2035 1083 2093 alimenta
1122 2036 1374 2103 credidit,
1405 2055 1439 2093 a

256 2116 575 2195 quibusdam
592 2133 643 2177 et
662 2121 858 2179 vicinis
882 2120 1122 2179 coloniis
1141 2145 1158 2192 3
1198 2121 1440 2180 invidiae

259 2203 638 2275 aemulatione,
668 2205 819 2284 quod
844 2205 994 2264 nulla
1017 2209 1247 2266 initalia
1266 2206 1441 2265 moles

259 2305 372 2350 tam
402 2311 578 2371 capax
613 2289 794 2365 foret3
844 2312 1178 2371 quocunque
1201 2290 1324 2351 casu
1352 2309 1446 2347 ae-

254 2378 480 2451 eide-rat,
504 2377 634 2435 dum
657 2379 928 2436 atrociora
952 2381 1353 2445 metuebantur,
1379 2375 1440 2434 in

233 2461 364 2524 -ievi
388 2463 666 2524 habitum:
715 2463 928 2526 reddita
956 2462 1260 2541 securitate,
1299 2474 1440 2522 tam,
