1759 2975
371 189 1217 237 rusroamnuumaar.
1294 182 1410 248 173

229 292 390 358 rupta
407 300 426 347 ς
448 276 706 336 calonum
719 294 978 335 numerus
989 273 1253 353 amplior;
1279 291 1411 353 pro·

227 362 506 425 cacissirnis
530 363 694 421 etiam
709 363 853 420 inter
866 358 1056 420 servos
1072 361 1306 420 lixarum
1322 360 1413 418 in-

229 452 411 528 geniis
425 471 445 521 3
471 464 558 509 tot
572 448 875 525 legatorum
892 447 1302 528 amicorumque
1315 464 1413 504 co·

227 539 456 595 miratus
487 535 740 595 inhabilis
770 534 837 594 ad
863 532 1195 614 parendum3
1243 533 1411 592 etiam

226 620 269 682 fi
286 618 487 681 summa
503 620 759 681 modestia
774 638 1073 699 regeretur.
1106 621 1409 680 onerabant

225 708 664 781 multitudinem,
687 710 840 768 obvii
861 727 936 766 ex
964 709 1098 767 urbe
1128 704 1412 768 senatores

223 793 566 876 equitesque·
613 793 836 876 quidam
852 808 1036 865 metu,
1017 815 1034 831 ·
1067 792 1222 852 multi
1246 810 1415 872 pera-

225 881 601 952 dulationem3
635 881 801 938 ceteri
823 899 887 938 ac
912 878 1176 958 paulatim
1200 896 1417 951 omnes,

225 967 425 1028 nealiis
439 963 928 1051 proficiscentibus,
938 961 1034 1044 ipfi
1052 978 1415 1022 remanerent.

228 1053 660 1132 aggregabantur
679 1071 711 1111 e
727 1050 903 1132 plebe,
926 1048 1189 1128 flagitiosa
1206 1070 1303 1131 per
1317 1051 1419 1110 ob·

229 1139 417 1221 sequia
441 1137 669 1198 Vitellio
693 1139 923 1217 cogniti,
948 1135 1178 1207 scurrae,
1202 1134 1417 1196 histrio-

227 1247 352 1304 nes,
363 1228 597 1304 aurigae,
614 1227 817 1307 quibus
833 1223 928 1284 ille
944 1226 1304 1287 amicitiarum
1322 1222 1418 1283 de-

225 1313 651 1375 honestamentis
672 1308 815 1373 mire
842 1312 1134 1390 gaudebat,
1183 1331 1284 1371 nec
1320 1330 1417 1370 co·

226 1399 408 1462 ioniae
423 1400 593 1459 modo
609 1415 704 1458 aut
722 1400 1043 1478 municipia,
1053 1395 1308 1474 congestu
1322 1416 1418 1456 co·

229 1490 477 1569 piarurm
512 1483 637 1545 sed
624 1484 718 1565 ipsi
733 1484 995 1556 cultores,
1024 1504 1285 1563 arvaque,
1303 1504 1422 1544 ma-

232 1576 372 1631 turis
393 1572 510 1650 jam
533 1569 802 1647 frugibus,
825 1584 889 1627 ut
908 1567 1101 1628 hostile
1129 1567 1299 1628 solum
1322 1590 1423 1630 va·

148 1656 542 1723 88stabautur.
632 1655 843 1714 Multae
873 1669 930 1714 et
965 1669 1178 1715 atroces
1200 1656 1343 1714 inter
1366 1653 1422 1716 se

234 1742 471 1805 rnilitum
494 1740 704 1816 caedes,
732 1738 852 1821 post
874 1739 1200 1802 seditionem
1221 1745 1419 1807 Ticini

234 1843 520 1909 coeptam3
565 1842 825 1888 manente
862 1828 1145 1906 legionum
1180 1830 1419 1891 auxilio·

232 1936 466 1996 rumque
479 1913 765 1984 discordia,
781 1917 877 1974 ubi
893 1912 1150 1974 adversus
1168 1938 1418 1998 paganos

229 2004 557 2066 certandum
573 2001 739 2076 foret,
755 2000 1037 2062 consensu.
1082 2000 1167 2061 sed
1185 2005 1420 2083 plurima

230 2089 454 2168 strages,
481 2087 550 2148 ad
580 2086 866 2168 septimum
891 2091 959 2148 ab
980 2089 1115 2147 urbe
1140 2089 1409 2170 lapidem·
1393 2136 1411 2163 ,

182 2232 191 2237 -
230 2175 456 2254 lingulis
472 2178 545 2234 ibi
565 2176 826 2233 militibus
837 2175 1096 2234 Vitellius
1110 2194 1324 2255 paratos
1339 2181 1417 2236 ci·-

232 2264 360 2331 δοῦ,
372 2279 431 2320 ιιι
442 2261 816 2340 gladiatoriam
828 2260 1093 2339 saginam,
1105 2263 1378 2323 dividebat
1393 2285 1415 2334 ς

231 2365 288 2408 et
303 2349 411 2408 effu
418 2347 468 2408 sa
486 2348 689 2427 plebes,
708 2349 843 2406 totis
861 2345 913 2406 se
927 2346 1105 2406 castris
1118 2346 1422 2408 miscuerat.

235 2433 538 2495 incuriosos
561 2435 779 2507 milites,
804 2431 1122 2506 vernacula,
1142 2448 1203 2492 ut
1226 2435 1420 2493 reban-

236 2518 347 2600 tur,
359 2523 663 2584 urbanitate
673 2519 896 2601 quidam
907 2516 1221 2601 spoliavere,
1235 2518 1422 2583 abscis-
