1759 2975
387 156 512 220 126
609 171 1089 228 occantur
1127 170 1425 215 τΑοιτι

374 257 500 322 bus,
523 273 690 331 quam
715 250 886 314 stabili
918 250 1087 328 gradu
1109 269 1139 307 e
1162 252 1303 329 ripa,
1331 252 1566 314 vulnera

374 339 706 414 dirigebant.
750 352 805 395 et
829 358 952 396 cum
975 337 1142 396 variis
1166 336 1561 416 trepidantium

371 424 830 484 inclinationibus
865 424 1025 484 mixti
1060 423 1288 497 remiges
1318 442 1560 503 propug-

374 508 703 586 natoresque
727 512 1101 581 turbarentur,
1125 507 1332 566 defilire
1347 510 1406 570 in
1419 511 1564 570 vada

302 615 309 620 “
373 595 526 652 ultro
545 598 832 670 Germani,
856 610 1127 652 retentare
1148 613 1383 674 puppes,
1408 592 1563 653 scan-

376 680 503 737 dere
530 679 707 755 foros,
731 696 822 739 aut
847 681 1100 739 cominus
1118 698 1388 755 mergere-3
1421 699 1565 760 quae

377 771 574 829 cunita
618 768 676 824 in
723 766 899 825 oculis
932 761 1210 842 utriusque
1247 767 1520 826 exercitus
1543 808 1563 840 ,

378 867 592 931 quanto
621 852 850 911 laetiora
872 850 1215 925 Vitellianis,
1234 866 1395 912 tanto
1424 853 1564 911 acri·

379 957 448 996 us
468 940 774 998 Othoniani
803 936 1034 1000 cauffatn
1054 940 1437 1016 auctoremque
1455 934 1565 998 cla-

380 1024 470 1082 dis
482 1024 904 1084 detestabantur.
955 1028 1027 1082 Et
1042 1025 1301 1101 praelium
1313 1020 1558 1101 quidem,
1572 1044 1601 1104 3
1613 1025 1649 1088 6

381 1111 628 1185 abruptis
661 1129 800 1187 quae
823 1108 1135 1185 supererant
1158 1109 1413 1182 navibus,
1437 1106 1572 1185 fuga

378 1193 708 1271 diremptum
734 1215 749 1250 ε
798 1198 989 1250 Macer
1020 1190 1088 1254 ad
1111 1193 1346 1252 exitium
1373 1191 1568 1269 posce-

378 1280 559 1339 batur.
600 1280 826 1354 jamque
842 1275 1184 1336 vulneratum
1202 1278 1417 1335 eminus
1441 1277 1570 1338 lan·

375 1382 491 1438 cea,
514 1361 706 1422 strictis
729 1360 922 1438 gladiis
957 1360 1289 1435 invaserant,
1319 1383 1444 1421 cum
1472 1364 1569 1423 in.

377 1446 619 1511 tercursu
667 1450 1017 1509 tribunorum
1063 1449 1569 1528 centurionumque

378 1536 708 1615 protegitur.
766 1554 868 1594 nec
891 1535 1069 1594 multo
1094 1532 1235 1613 post,
1265 1533 1569 1594 Vestricius

382 1624 680 1702 Spurinna,
697 1618 841 1699 jussu
859 1622 1124 1695 Othonis,
1142 1621 1327 1680 relidio
1346 1619 1569 1680 Placen-

383 1711 487 1767 tiae
511 1708 734 1767 modico
766 1704 1052 1784 praesidio,
1091 1727 1214 1765 cum
1239 1707 1569 1768 cohortibus

382 1791 659 1852 subvenit.
707 1791 831 1849 dein
867 1790 1115 1851 Flavium
1142 1793 1403 1850 Sabinum
1430 1810 1573 1849 con-

381 1875 544 1935 sulem
568 1874 903 1953 designatum
920 1879 1071 1935 Otho
1101 1879 1363 1937 rectorem
1389 1878 1569 1955 copiis

368 1960 541 2040 mitit,
581 1963 781 2039 quibus
822 1966 1010 2020 Macer
1046 1959 1378 2042 praefuerat3
1423 1963 1569 2020 laeto

382 2046 557 2105 milite
572 2063 626 2105 et
645 2047 710 2106 ad
730 2049 1100 2106 mutationem
1121 2046 1354 2119 ducum3
1394 2063 1448 2107 et
1466 2047 1568 2106 du-

382 2134 535 2192 cibus
548 2135 621 2191 ob
634 2135 848 2193 crebras
860 2129 1172 2202 seditiones,
1190 2149 1302 2192 tam
1320 2132 1568 2193 infestam

381 2219 633 2277 militiam
655 2217 1088 2297 aspernantibus.
1158 2221 1394 2278 Invenio
1412 2219 1555 2296 apud
1573 2236 1644 2295 37

383 2301 644 2382 quosdam
667 2308 938 2377 auctores,
960 2304 979 2333 ‘
994 2324 1195 2381 pavore
1211 2303 1356 2375 belli,
1374 2301 1457 2360 seu
1482 2301 1565 2360 fa-

382 2395 400 2419 ‘
425 2387 583 2447 stidio
608 2387 885 2465 utriusque
903 2391 1189 2466 principis,
1210 2407 1441 2464 quorum
1466 2389 1566 2455 fla-

278 2512 287 2517 -
378 2475 402 2538 ἦ
421 2476 553 2550 gitia
575 2494 638 2534 ac
653 2473 885 2535 dedecus
908 2475 1175 2551 apertiore
1192 2475 1250 2535 in
1275 2472 1393 2535 dies
1419 2471 1568 2537 fama
