1759 2975
376 135 462 196 24
563 133 1378 179 e.conutt.11·rAct·1-t

370 220 390 250 ‘
415 215 671 279 nicidior
709 214 776 277 lit
811 215 966 295 quie'e
987 258 1006 292 ,
1053 233 1215 297 quam
1255 218 1551 279 temeritas.

369 307 389 336 ‘
416 319 653 365 mortem
669 304 930 364 omuibus
952 322 1024 363 ex
1040 316 1231 362 natura
1247 302 1553 384 aequalem,

365 391 387 423 ‘
411 390 699 451 oblivione
713 388 854 469 apud
866 387 1140 469 posteros,
1150 389 1241 449 vel
1254 390 1430 469 gloria
1442 388 1539 451 dis
1529 423 1553 439 -

373 479 393 511 ‘
415 479 615 555 tingui.
639 496 703 535 ac
718 474 757 534 fi
772 490 1066 536 nocentem
1084 477 1555 556 innocentemque

369 563 391 598 ‘
415 563 560 625 idem
583 563 767 623 exitus
788 576 1028 636 maneat,
1047 563 1275 622 acrioris
1290 565 1399 623 viri
1426 560 1554 638 eme,

367 649 391 686 ‘
412 651 613 712 merito
647 649 845 729 perire.
873 650 892 676 ²
978 652 1116 707 Nou
1151 663 1270 708 erat
1306 650 1553 710 Othonis
1565 664 1641 710 22

367 735 557 799 mollis
571 750 627 795 et
646 734 865 815 corpori
889 730 1076 795 fimilis
1090 735 1328 796 annuus.
1384 751 1441 796 et
1462 736 1555 795 in·

365 824 488 885 timi
509 822 832 884 libertorum
866 817 1256 901 servorumque
1277 823 1555 903 corrupti·

368 931 469 986 ua,
495 927 664 991 quam
686 908 747 968 iu
782 908 1000 987 privata
1017 905 1190 969 domo
1218 908 1423 984 habiti,
1451 927 1552 968 au·

367 998 476 1059 lam
490 996 758 1070 Neronis,
775 1008 831 1052 et
845 992 1040 1070 luxua,
1055 992 1343 1070 adulteria,
1362 995 1555 1056 matri·

367 1084 558 1143 monia
577 1123 596 1154 ,
616 1076 927 1159 ceterasque
947 1099 1242 1157 regnorum
1260 1078 1515 1141 libidines
1531 1121 1555 1157 ,

366 1167 534 1229 avido
549 1166 759 1239 talium,
774 1163 814 1223 fi
826 1162 1071 1238 auderet,
1094 1180 1158 1225 ut
1172 1163 1264 1225 sua
1276 1163 1556 1228 ostentan-

369 1270 454 1314 tes
468 1276 487 1327 ς
512 1250 833 1334 quiescenti,
850 1266 913 1309 ut
927 1249 1106 1311 aliena
1113 1254 1522 1331 exprobrabant
1536 1276 1554 1314 t

367 1340 691 1419 urgentibus
724 1337 894 1397 etiam
934 1339 1333 1399 mathematicis
1351 1381 1371 1414 ,
1422 1337 1556 1402 dum

371 1426 394 1459 ‘
408 1446 595 1488 novos
610 1438 876 1499 motut,et
892 1421 1101 1495 clarum
1116 1426 1329 1511 Othoni
1343 1445 1555 1488 annum

368 1513 393 1549 ‘
406 1511 789 1574 observatione
801 1508 1361 1587 fiderum‘affinnanu
1378 1533 1555 1590 genus

369 1602 660 1662 hominum
675 1599 998 1677 potentibus
1015 1596 1266 1672 infidum,
1291 1595 1555 1679 speranti-

371 1689 474 1746 bus
486 1686 674 1760 fallax,
699 1683 851 1763 quod
867 1687 929 1743 in
945 1685 1172 1746 civitate
1191 1683 1374 1745 nostra
1388 1701 1443 1745 et
1457 1706 1556 1746 ve-

371 1774 580 1833 tabitur
607 1769 835 1849 semper,
861 1785 918 1830 et
938 1771 1283 1832 retinebitur.
1344 1772 1557 1834 multos

367 1855 572 1918 secreta
598 1863 880 1937 Poppaeae
910 1858 1325 1917 mathematicos
1343 1899 1363 1932 ,
1401 1858 1554 1939 pessi-

266 1972 273 1981 -
369 1963 521 2004 mum
537 1942 860 2023 principalis
876 1942 1213 2004 matrimonii
1229 1943 1557 2005 instrumen-

369 2045 488 2089 tum
502 2073 522 2104 ,
559 2030 857 2090 habuerant
876 2051 894 2089 z
932 2049 966 2089 e
987 2031 1188 2110 quibus
1211 2031 1557 2102 Ptolemaeus

369 2117 582 2175 Othoni
599 2118 657 2174 in
674 2114 938 2195 Hispania
951 2135 1160 2191 comes»,
1188 2137 1314 2176 cum
1332 2115 1351 2149 ‘
1370 2115 1554 2198 super·

371 2203 391 2236 ‘
407 2201 654 2262 futurum
667 2221 791 2262 eum
803 2203 1038 2262 Neroni'
1050 2199 1387 2282 promififfet‚
1407 2201 1553 2282 post·

367 2309 532 2370 quam
547 2309 621 2349 ex
634 2303 836 2349 eventu
854 2287 1014 2361 fides,
1041 2289 1357 2367 conjectura
1368 2291 1486 2368 jam
1499 2305 1557 2351 et

369 2395 612 2450 rumore,
631 2374 838 2436 senium
855 2375 1082 2450 Galbae,
1107 2376 1463 2453 etjuventatu
1475 2383 1559 2437 0-

369 2465 560 2526 thonis
569 2462 1035 2544 computantium,
1045 2459 1403 2545 persuaserat‘
1409 2459 1561 2543 fore,
1585 2501 1589 2505 -
