1759 2975
382 157 504 223 130
601 157 1083 205 mcoxnemx
1117 157 1423 201 τΑσιτι

375 241 750 315 vincerentur,
779 238 846 298 ad
874 240 970 317 jus
995 239 1210 314 imperii
1239 235 1568 301 tranfibant·

378 323 565 384 aderat
587 323 708 396 sane
731 328 878 385 citus
900 344 1048 403 equo
1064 322 1326 396 Numida,
1351 341 1479 383 cum
1502 343 1567 381 a·

377 410 619 470 trocibus
641 411 943 482 mandatis,
965 410 1165 489 quibus
1186 412 1359 480 Otho,
1380 409 1568 466 incre·

379 497 496 573 pita
519 495 757 556 ‘ducum
780 493 1029 573 segnitia,
1059 514 1172 554 rem
1190 496 1248 553 in
1276 491 1569 553 discrimen
1594 499 1602 506 '

380 580 403 626 ‘-
426 582 593 641 mitti’
609 583 869 660 jubebatg
908 600 1066 657 aeger
1079 593 1322 651 mora,et
1338 576 1447 659 spei
1462 579 1568 638 im-

379 668 622 745 patiens.
713 665 915 727 Eadem
942 666 1054 739 die,
1079 665 1149 724 ad
1174 666 1470 724 Caecinam
1495 684 1655 743 o-041

382 753 500 832 peri
516 754 707 831 pontis
724 755 1024 819 intentum,
1041 750 1156 810 duo
1174 751 1570 829 praetoriarum

381 841 698 899 cohortium
719 840 951 911 tribuni,
972 836 1308 915 colloquium
1326 836 1443 912 ejus
1468 855 1573 913 po·

386 920 684 998 stulantes,
725 939 1019 983 venerunt.
1074 921 1260 982 audire
1280 920 1572 993 ,conditio-

384 1030 486 1069 nes
509 1032 575 1071 ae
596 1009 815 1071 reddere
837 1011 1084 1089 parabat,
1105 1028 1231 1068 cvm
1251 1007 1574 1085 praecipites

384 1097 760 1172 exploratores
784 1093 957 1153 adess‘e
985 1093 1192 1152 hostem
1224 1094 1576 1152 nuntiavere.

385 1178 725 1257 interruptus
750 1180 1101 1236 tribunorum
1136 1175 1344 1244 sermog
1392 1196 1580 1254 eoque

383 1262 656 1321 incertum
681 1262 808 1333 fuit,
824 1258 1070 1335 infidias,
1084 1280 1154 1318 an
1169 1260 1578 1338 proditionem,

386 1347 475 1407 vel
492 1346 716 1426 aliquod
739 1343 1024 1407 honestum
1044 1343 1327 1407 confilium
1345 1362 1580 1425 coepta-

382 1436 590 1494 verint.
637 1434 874 1493 Caecina
911 1430 1133 1492 dimitiis
1173 1431 1438 1500 tribunis,
1488 1451 1581 1491 re-

387 1524 575 1579 vedlus
598 1516 657 1580 in
681 1517 881 1595 castra,
911 1518 1099 1579 datum
1116 1516 1257 1596 jussu
1284 1518 1433 1581 Fabii
1457 1523 1581 1576 Va-

387 1604 555 1667 lentis
578 1627 792 1686 pugnae
816 1603 1049 1682 lignum,
1077 1619 1133 1665 et
1155 1603 1380 1663 militem
1407 1605 1461 1662 in
1488 1624 1578 1662 ar-

388 1695 495 1754 mis
533 1695 772 1752 invenit.
820 1692 953 1750 dum
994 1689 1255 1767 legiones
1273 1687 1344 1748 de
1377 1687 1584 1749 ordine

387 1780 627 1854 agminis
650 1775 976 1848 sortiuntur,
1006 1778 1221 1854 equites
1251 1793 1574 1854 prorupere,

386 1878 444 1922 et
466 1864 664 1922 mirum
681 1861 852 1934 dictu,
881 1880 912 1917 a
937 1860 1285 1937 paucioribus
1302 1861 1578 1920 Othonia-

385 1949 501 2020 nis',
531 1966 647 2025 quo
673 1948 856 2006 minus
878 1946 940 2003 in
965 1943 1169 2006 vallum
1197 1943 1580 2023 impingeren-

350 2062 358 2071 ·
386 2047 510 2105 tur,
549 2032 774 2092 Italicae
813 2030 1047 2106 legionis
1085 2030 1296 2089 virtute
1326 2028 1577 2089 deterriti

387 2117 513 2180 sunt
539 2142 557 2189 ς
614 2138 680 2177 ea
722 2115 919 2175 strietis
964 2116 1324 2176 mucronibus
1348 2158 1362 2181 ‚
1401 2115 1582 2174 redire

388 2203 590 2285 pullos,
611 2219 666 2262 et
684 2222 928 2282 pugnam
946 2200 1211 2261 resumere
1228 2202 1432 2276 coegit.
1472 2199 1578 2260 dis·

390 2290 559 2372 polita
574 2288 995 2349 Vitellianarum
1026 2286 1306 2362 legionum
1331 2288 1495 2351 acies,
1513 2285 1577 2342 ss·-

392 2398 465 2438 ne
480 2377 877 2455 trepidatione3
907 2374 1106 2432 etenim
1134 2389 1464 2450 quamquam
1490 2372 1576 2427 vi-

392 2466 524 2525 eino
553 2460 721 2540 hoste,
744 2458 984 2540 aspeetus
1001 2476 1278 2520 armorum
1296 2453 1469 2518 deuiis
1493 2475 1578 2517 ar-
