1759 2975
6 2748 13 2941 ψψᾼ
4 2580 36 2727 ,τῇ

444 178 1032 252 trra-roaraaun
1066 178 1198 219 mn.
1228 177 1277 218 r.
1368 171 1455 237 53

272 261 296 304 ’
315 265 524 327 nullam
546 267 606 325 in
629 267 832 326 Flacco
852 264 1180 326 Hordeonio
1202 282 1416 325 moram
1440 283 1458 321 a

270 352 293 386 ‘
315 353 491 414 affore
519 353 897 412 Britanniam:
953 349 1199 411 secutura
1232 358 1461 411 Germa·

270 438 292 473 ‘
317 460 522 500 norum
540 439 770 498 auxilia:
803 437 945 497 male
957 436 1090 499 fidas
1106 438 1459 517 provinciast

269 524 292 559 ‘
310 527 615 605 precarium
627 523 735 585 seni
748 528 820 584 im
828 527 1036 605 perium
1041 541 1117 598 ,et
1125 525 1279 585 brevi
1289 520 1466 583 trans·

274 618 294 645 ‘
320 615 526 673 iturum
546 635 565 685 3
614 612 870 693 panderet
887 610 1059 671 modo
1079 610 1275 680 finum,
1291 625 1350 669 et
1364 630 1461 670 ve·

271 698 294 732 ‘
312 700 483 758 nienti
502 698 759 759 fortunae
774 714 1107 758 occurreret.
1144 699 1345 758 merito
1359 694 1462 756 du·

271 785 293 819 ‘
315 784 506 846 bitass'e
516 788 866 863 Verginium,
879 783 1110 865 equestri
1134 783 1365 860 familia,
1377 784 1463 860 ige

267 872 290 914 ‘
312 887 458 932 noto
481 886 637 951 patre
656 894 674 928 ε
719 875 982 949 imparem
1006 869 1046 928 fi
1068 869 1344 950 recepiss'et
1357 872 1462 928 im-

269 958 291 992 ‘
319 961 561 1037 perium,
594 971 777 1015 tutum
809 954 849 1014 fi
880 953 1188 1015 recusasset.
1233 954 1466 1015 Vitellio

276 1043 298 1077 ‘
324 1058 438 1102 tres
464 1045 636 1123 patria
658 1040 992 1116 consulatus,
1014 1039 1318 1114 censuram,
1347 1041 1464 1102 col·

275 1136 295 1163 ‘
319 1129 522 1208 legium
549 1127 810 1204 Caesaris,
837 1144 893 1188 et
915 1131 1202 1209 imponere
1221 1129 1459 1214 jampri-

272 1216 294 1250 ‘
317 1214 444 1277 dem
468 1218 810 1297 imperatoris
834 1215 1244 1293 dignationem,
1279 1232 1336 1276 et
1365 1236 1461 1276 au·

187 1305 220 1366 5
234 1303 291 1366 3‘
315 1303 455 1364 ferre
464 1304 660 1383 privati
673 1301 1055 1363 securitatem!
1100 1303 1463 1379 quatiebatur

268 1393 356 1450 his
392 1389 554 1469 segne
585 1392 905 1469 ingenium,
949 1405 1014 1448 ut
1042 1387 1461 1468 concupisceret

267 1480 478 1557 magis,
517 1483 681 1557 quain
706 1493 768 1536 ut
791 1474 1050 1556 speraret.
1096 1493 1152 1534 at
1177 1477 1238 1535 in
1258 1474 1460 1554 superi-

265 1586 367 1627 ore
383 1564 704 1638 Germania,
723 1564 962 1623 Caecina
988 1561 1180 1621 decora
1194 1562 1461 1639 juventa,

267 1671 509 1731 corpore
532 1651 751 1726 ingens,
777 1648 946 1707 animi
965 1648 1321 1718 immodicus,
1345 1650 1460 1708 cito

266 1737 541 1811 sermone,
568 1740 751 1796 erecto
774 1732 997 1810 inceffu,
1029 1734 1201 1796 studia
1221 1732 1460 1797 militum

266 1823 560 1885 inlexerat.
608 1826 758 1884 hunc
774 1824 1035 1902 juvenem
1063 1822 1260 1898 Galba,
1288 1832 1458 1903 quae·-

267 1908 463 1972 storem
482 1913 540 1969 in
559 1912 797 1980 Baetica,
812 1912 1040 1990 impigre
1057 1912 1113 1969 in
1135 1926 1315 1991 partes
1332 1908 1455 1970 suas

267 1995 647 2075 transgreffum
680 1996 890 2073 legioni
927 1997 1234 2077 praeposuit
1249 2024 1273 2070 ,·
1317 2016 1457 2057 mox

266 2098 610 2162 compertum
634 2082 900 2163 publicam
927 2086 1212 2163 pecuniam
1233 2081 1456 2144 avertis·

267 2167 344 2241 se,
369 2184 433 2229 ut
453 2170 820 2249 peculatorem
843 2171 1075 2248 flagitari
1096 2171 1268 2249 jussit.
1316 2175 1454 2229 Cae-

267 2258 395 2318 cina
421 2275 577 2335 aegre
593 2254 790 2335 pass'us,
806 2254 1025 2315 miscere
1041 2261 1253 2324 cuncta,
1271 2270 1326 2316 et
1341 2258 1454 2335 pri·

266 2358 400 2404 vata
427 2342 682 2413 vulnera,
711 2343 1036 2421 reipublicae
1058 2344 1217 2404 malis
1240 2345 1455 2418 operire

269 2428 473 2489 statuit.
518 2449 621 2488 nec
643 2429 865 2489 deerant
897 2430 952 2486 in
980 2432 1227 2488 exercitu
1254 2425 1456 2487 semina

268 2513 589 2591 discordiae,
622 2515 770 2596 quod
789 2530 842 2573 et
865 2514 1012 2574 bello
1036 2511 1293 2574 adversus
1307 2514 1455 2571 Vin-
