1759 2975
368 163 492 224 17o
588 165 1084 212 &coaxant
1117 165 1420 211 τΑοιτι

299 259 311 268 ’
356 252 520 329 pibus
534 251 826 310 Mucianus
840 248 1221 327 bellumjuvit,
1241 249 1421 329 largus
1435 250 1550 330 pri·

353 335 697 415 vatquuod
708 335 923 395 avidius
936 336 1002 396 de
1012 336 1287 418 republica
1295 334 1550 398 sumeret.

352 423 517 483 ceteri
526 421 984 483 conferendarum
997 426 1345 503 pecuniarum
1361 443 1547 484 exeam

352 510 507 589 plum
528 507 696 571 secuti
717 531 736 582 ;
767 510 1058 569 rarissimus
1073 508 1303 590 quisque
1313 511 1548 571 eandem

349 599 410 656 in
424 596 782 676 reciperando
793 596 1064 656 licentiam
1076 598 1406 657 habuerunt.
1422 605 1535 656 Ae·
1549 605 1585 663 8
1594 621 1634 678 ς

349 682 582 744 celerata
596 685 818 743 interim
835 678 1148 762 vespasiani
1166 698 1387 763 coepta,
1406 683 1545 762 luy-

348 770 448 830 rici
461 772 732 830 exercitus
746 767 922 830 studio
938 765 1235 846 transgressi
1254 772 1312 827 in
1329 785 1540 849 partes.

349 860 511 918 tertia
522 857 667 936 legio
678 855 991 936 exemplum
1007 857 1199 915 ceteris
1210 854 1445 915 Moesiae
1459 855 1541 915 le-

346 946 612 1022 gionibus
630 946 901 1025 praebuit.
940 946 1146 1002 oum
1164 957 1281 1002 erat
1298 962 1362 1002 ac
1376 940 1541 1022 septi-

345 1050 439 1089 ma
461 1030 786 1105 Claudiana,
798 1031 1040 1089 imbutae
1061 1027 1253 1088 [τίνοι-ε
1269 1029 1538 1104 Othonis,

343 1119 602 1194 quamvis
629 1116 843 1196 proelio
865 1135 985 1173 non
1008 1115 1374 1174 interfuissent
1391 1138 1408 1173 ε
1456 1123 1536 1173 A·

343 1200 604 1278 quilejam
633 1199 960 1279 progteffae,
977 1202 1318 1278 proturbatis
1344 1204 1442 1279 qui
1465 1201 1538 1261 de

330 1288 568 1344 Othone
590 1288 950 1358 nuntiabant,
971 1284 1325 1365 laceratisque
1355 1287 1538 1345 vexil-

334 1371 412 1431 lis
428 1391 642 1431 nomen
660 1371 871 1431 Vitellii
902 1370 1355 1450 praeferentibus,
1377 1387 1538 1451 rapta

341 1457 614 1539 postremo
630 1460 890 1541 pecunia,
914 1473 971 1516 et
986 1459 1131 1517 inter
1156 1457 1205 1516 se
1218 1458 1388 1520 divisa
1404 1458 1534 1518 hos·

343 1547 509 1606 tilitcr
528 1563 782 1625 egerant.
825 1545 977 1605 unde
998 1561 1200 1619 metuS,
1215 1562 1271 1605 et
1286 1567 1355 1604 ex
1380 1562 1534 1608 metu

340 1631 650 1706 confilium,
686 1640 704 1666 ‘
720 1632 869 1714 poffe
899 1634 1157 1711 imputari
1173 1631 1529 1712 vespafiano‚

339 1720 360 1753 ‘
388 1737 528 1797 quae
543 1719 686 1798 apud
705 1719 1311 1781 Vitellium‘excusanda
1327 1723 1532 1779 erant.'

335 1808 414 1864 ita
441 1821 550 1864 tres
578 1804 844 1864 Moeficae
860 1805 1116 1882 legiones
1146 1826 1244 1884 per
1273 1805 1527 1885 epistolas

334 1889 644 1949 alliciebant
666 1893 1050 1950 Pannonicum
1074 1893 1398 1963 exercitum,
1430 1907 1529 1951 aut

332 1976 600 2034 abnuenti
625 1978 738 2034 vim
763 1979 1051 2055 parabant.
1097 1979 1153 2035 in
1173 1999 1243 2036 eo
1268 1993 1423 2036 motu
1447 1985 1526 2036 A·

331 2061 538 2143 poniua
560 2064 885 2120 Saturninus
904 2062 1138 2121 Moefiae
1153 2069 1350 2136 rector,
1372 2063 1527 2142 pessi-

330 2166 478 2207 mum
505 2145 715 2206 facinus
736 2148 919 2222 audet,
938 2147 1096 2207 miffo
1114 2152 1437 2207 centurione
1452 2149 1528 2208 ad

330 2232 765 2294 interficiendum
792 2237 1054 2292 Tertium
1075 2234 1377 2311 julianum,
1403 2232 1524 2312 sep-

327 2325 490 2380 timae
526 2321 762 2398 legionis
793 2321 1053 2397 legatum,
1096 2323 1170 2380 ob
1204 2319 1525 2394 simultates»,

325 2409 539 2483 quibus-
563 2405 789 2466 cauffam
826 2408 1062 2486 partium
1107 2405 1521 2484 praetendebat.

323 2493 604 2570 Julianus,
628 2508 915 2574 comperto
943 2490 1269 2562 discrimine,
1293 2507 1351 2552 et
1378 2511 1523 2570 gna-
