1759 2975
419 148 995 191 ntsronmnum
1029 147 1160 190 mn.
1192 149 1239 189 1.
1346 127 1434 206 65

254 228 513 289 militibus
531 227 825 300 sesterti083
859 244 979 289 tum
994 226 1232 290 vetustas
1250 224 1431 303 digni-

253 315 439 396 tasque
467 316 726 376 coloniae
758 317 967 390 valuit3
1011 333 1069 375 et
1092 318 1258 375 verba
1274 314 1430 373 Fabii

245 401 474 462 salutem
492 400 1029 483 incolumitatemque
1038 398 1436 462 Viennensium

250 488 911 569 commendantis,aequis
934 493 1154 549 auribus
1174 501 1432 565 accepta;

251 573 466 650 publice
496 590 678 635 tamen
702 579 865 635 armis
893 577 1134 637 mulctati
1155 619 1172 643 ,
1202 574 1434 653 privatis

248 674 305 718 et
320 659 637 739 promiscuis
652 664 829 740 copiis
841 665 1039 740 juvere
1053 663 1302 722 militem.
1337 657 1432 719 sed

245 744 391 806 fama
428 747 681 808 constans
718 749 849 824 fuit,
889 750 906 780 ‘
930 747 1103 827 ipsum
1134 748 1435 806 Valentem

247 831 271 866 ‘
292 853 493 910 magna
511 837 741 911 pecunia
755 837 1042 913 emptum.²
1084 836 1132 893 is
1150 832 1244 893 diu
1260 830 1435 891 sordi·

246 917 381 992 dus,
414 933 640 997 repente
668 921 848 992 dives,
876 920 1237 979 mutationem
1259 916 1434 978 fortu-

247 1022 356 1063 nae
379 1004 522 1063 male
543 1007 777 1082 tegebat,
801 1003 1037 1064 accenfis
1059 1004 1289 1080 egestate
1309 1003 1433 1062 lon-

243 1110 316 1168 ga
347 1089 695 1169 cupidinibus
720 1090 1111 1152 immoderatus
1125 1134 1145 1166 ,
1185 1107 1242 1152 et
1269 1091 1430 1169 inopi

235 1176 494 1254 juventa,
531 1175 691 1237 senex
716 1178 1005 1258 prodigus.
1049 1177 1204 1238 lento
1228 1176 1430 1238 deinde

236 1267 475 1340 agmine,
488 1285 583 1345 per
596 1265 739 1324 fines
750 1265 1116 1344 Allobrogum
1129 1281 1184 1326 et
1192 1272 1430 1327 Vocon·

235 1351 441 1411 tiorum
456 1351 651 1412 ductus
668 1354 947 1415 exercitus
965 1374 1012 1412 ε-
1024 1349 1140 1431 ipsa
1160 1352 1429 1412 itinerum

234 1433 433 1517 spatia,
455 1453 511 1497 et
525 1438 848 1501 stativorum
864 1441 1205 1499 mutationes
1228 1436 1429 1499 vendi-

236 1537 392 1584 tante
413 1525 576 1600 duce,
599 1525 779 1585 foedis
808 1526 1149 1604 paelionibus
1167 1523 1428 1599 adversus

234 1608 559 1691 polsefforea
586 1611 868 1688 agrorum,
902 1625 959 1669 et
981 1607 1321 1686 magistratus
1343 1611 1424 1671 ei·

234 1698 500 1773 vitatum,
514 1698 653 1757 adeo
676 1698 990 1771 minaciter,
1012 1711 1076 1756 ut
1098 1702 1256 1757 Luco
1272 1694 1423 1767 (mu-

233 1785 498 1863 nicipium
529 1784 587 1844 id
605 1785 1016 1845 Vocontiorum
1039 1781 1144 1860 est)
1167 1782 1312 1844 faces
1327 1782 1423 1845 ad·

233 1873 475 1930 moverit
491 1914 511 1946 ‚
546 1872 723 1930 donec
765 1872 1000 1950 pecunia
1036 1872 1377 1948 mitigaretur
1397 1891 1422 1943 2

233 1959 497 2036 quotiens
529 1958 791 2035 pecuniae
819 1958 1045 2018 materia
1066 1954 1286 2032 deeffet,
1310 1956 1420 2017 stu·-

156 2058 173 2079 ·
233 2044 353 2121 pris
365 2059 421 2103 et
441 2043 721 2103 adulteriis
740 2047 1094 2105 exorabatur.
1140 2042 1212 2105 fic
1229 2043 1299 2104 ad
1318 2042 1422 2105 Al-

149 2127 225 2202 67
244 2148 344 2207 pec
373 2144 714 2209 perventum.
802 2130 934 2193 Plus
955 2129 1184 2210 praedae
1206 2151 1269 2192 ac
1294 2129 1419 2190 san·-

230 2217 417 2291 guinis
433 2217 665 2275 Caecina
687 2215 880 2279 haufit.
927 2219 1274 2277 irritaverant
1298 2234 1416 2275 tur-

229 2301 421 2361 bidum
437 2305 719 2379 ingenium
738 2303 1005 2377 Helvetii,
1028 2303 1239 2362 Gallica
1253 2321 1417 2377 gens,

229 2387 366 2447 olim
383 2392 549 2449 armis
565 2387 803 2467 virisque
817 2432 836 2463 ‚
856 2410 1009 2449 -mox
1027 2388 1290 2447 memoria
1310 2405 1415 2444 no·

230 2476 403 2536 minis
414 2475 560 2537 clara
579 2519 601 2550 ,
627 2476 696 2535 de
710 2475 874 2537 caede
891 2473 1288 2550 Galbaeignari
1309 2513 1328 2546 ‚
1361 2484 1417 2530 et
