1759 2975
412 127 1169 172 ειετοιιᾼιυιιιη.
1203 126 1251 168 ι.
1347 105 1437 188 15

238 210 459 271 bantur.
508 208 676 269 credo
692 224 748 269 et
762 209 1092 289 reipublicae
1106 225 1293 268 curam
1311 203 1431 268 sub·

237 295 354 368 iffc,
379 292 577 355 frustra
598 315 629 353 a
645 301 872 356 Nerone
895 295 1198 369 transsatae,
1220 292 1259 354 fi
1282 291 1431 372 apud

239 384 525 442 Othonem
555 381 986 461 relinqueretur3
1016 397 1258 462 namque
1277 384 1434 440 Otho

238 469 535 549 pueritiam
557 469 860 544 incuriose,
888 466 1308 528 adolescentiam
1333 485 1430 547 pe-

243 554 486 621 tulanter
508 571 715 632 egerat,
744 571 931 634 gratus
955 556 1168 616 Neroni
1192 554 1434 614 aemula=

241 642 400 700 tione
425 640 622 715 luxus;
654 663 833 721 eoque
851 644 969 720 jam
996 649 1302 722 Poppaeam
1334 647 1431 700 Sa·

240 729 423 788 binam
439 728 741 808 principale
759 727 1022 802 scortum,
1049 744 1111 788 ut
1129 727 1272 808 apud
1288 747 1432 788 eon·

241 812 415 874 scium
437 814 729 874 libidinum
754 813 1102 896 deposuerat,
1125 815 1304 874 donec
1319 820 1430 874 Oc·

240 902 448 960 taviam
484 919 719 959 uxorem
760 900 1111 960 amoliretur:
1152 917 1291 958 mox
1323 898 1432 958 sus-

240 990 461 1067 pedum
478 989 537 1045 in
549 984 732 1045 eadem
749 994 1001 1067 Poppaea
1016 989 1073 1044 in
1088 988 1429 1064 provinciam

240 1070 573 1132 Lusitaniam
612 1071 786 1150 specie
827 1072 1121 1150 legationis
1164 1069 1423 1152 seposuit.

243 1161 418 1233 Otho,
460 1161 690 1219 comiter
713 1158 1077 1220 administrata
1113 1160 1428 1239 provincia,

236 1249 450 1325 primus
476 1248 532 1303 in
565 1261 745 1324 partes
782 1244 1151 1323 transgressus,
1174 1266 1277 1305 nec
1312 1245 1428 1322 seg-

239 1336 347 1406 nis,
371 1349 429 1392 ct
452 1332 628 1392 donec
641 1335 842 1393 bellum
860 1332 986 1407 fuit,
1014 1335 1156 1392 inter
1180 1330 1428 1411 praesen·

240 1434 322 1479 tes
340 1419 803 1498 splendidissimus,
825 1418 973 1499 spem
987 1418 1308 1499 adoptionis
1325 1416 1427 1477 sta·

240 1510 339 1567 tim
363 1524 710 1585 conceptam,
740 1510 918 1567 acrius
933 1510 994 1564 in
1015 1506 1132 1565 dies
1148 1508 1426 1581 rapiebat:

236 1593 548 1652 faventibus
571 1591 840 1671 plerisque
860 1592 1098 1650 militum
1120 1614 1136 1663 3
1171 1610 1346 1668 prona
1368 1593 1428 1652 in

158 1701 235 1758 14
249 1700 370 1740 eum
386 1680 510 1738 aula
525 1680 764 1738 Neronis
782 1693 843 1737 ut
856 1677 1101 1738 similem.
1172 1677 1275 1737 Sed
1292 1679 1426 1737 Gal·

239 1768 330 1840 ba,
354 1765 471 1845 post
486 1770 712 1825 nuntios
737 1768 1095 1826 Germanicae
1119 1761 1427 1841 seditionis,

237 1871 552 1931 quanquam
577 1853 714 1912 nihil
746 1852 922 1911 adhuc
951 1851 1018 1911 de
1048 1852 1277 1910 Vitellio
1303 1872 1423 1911 cer·

241 1954 381 2013 tum,
403 1942 599 1998 anxius
619 1958 865 2017 quonam
888 1939 1229 1999 exercituum
1252 1942 1340 1997 vis
1366 1958 1424 1997 e·

238 2041 534 2106 rumperet,
555 2046 626 2084 ne
641 2027 851 2085 urbano
868 2024 1089 2105 quidem
1112 2027 1272 2084 militi
1287 2045 1424 2083 con·

237 2110 386 2187 fisus,
426 2111 577 2191 quod
612 2112 904 2173 remedium
936 2115 1156 2172 unicum
1183 2115 1425 2186 rebatur,

237 2202 467 2258 comitia
495 2200 707 2279 imperii
740 2199 1005 2277 transigit.
1070 2197 1426 2274 adhibitoque

236 2283 397 2364 super
410 2288 663 2355 Vinium,
687 2305 750 2345 ac
774 2292 1076 2359 Laconem,
1099 2286 1281 2342 Mario
1298 2283 1425 2340 Cei·
1527 2298 1532 2302 ·

235 2369 296 2431 fo
317 2369 538 2432 consule
564 2369 870 2448 defignato,
903 2392 967 2431 ac
996 2370 1289 2430 Ducennio
1314 2370 1425 2423 Ge·

237 2459 390 2529 mino
422 2456 701 2541 praefcsso
732 2460 908 2536 urbis,
952 2476 1128 2539 pauc·
1156 2450 1432 2536 praefatus
