1759 2975
388 128 505 194 192
614 128 673 172 c„
711 128 1098 171 conuecti
1133 127 1425 170 τΑοιτι

371 216 392 247 ‘
405 237 527 275 rum
537 212 863 291 ducemque,
875 213 1049 293 spreta
1057 212 1282 271 aliorum
1295 210 1525 290 segnitia
1530 211 1574 283 ‚⁸

333 376 338 380 .
373 302 625 361 laudibus
641 299 870 358 ferrent.
915 304 1058 358 hanc
1076 297 1155 357 sui
1167 296 1363 358 famam
1382 319 1446 356 ea
1464 296 1573 356 sta·

372 392 474 448 tim
498 389 768 446 concione
799 402 1201 461 commoverat,
1238 406 1346 464 qua
1371 386 1570 443 recita-

370 478 445 533 tis
463 470 774 552 Vespasiani
796 471 1060 550 epistolis,
1087 492 1206 530 non
1234 490 1294 531 ut
1317 473 1570 550 plerique

372 561 575 620 incerta
596 556 857 632 disseruit,
889 561 996 615 huc
1021 558 1152 616 illuc
1178 563 1451 616 tracturus
1475 559 1578 616 in*

371 647 843 726 terpretationem,
876 659 1046 721 prout
1068 642 1455 714 conduxisse-u
1506 662 1575 701 a*

372 750 525 814 perte
545 728 868 791 descendisse
899 732 957 787 in
986 725 1216 789 caussam
1241 728 1566 793 videbatur:

374 837 554 898 eoque
576 820 780 895 gratior
801 815 1067 875 militibus
1090 832 1224 889 erat,
1256 816 1445 892 culpae
1470 812 1568 873 vel

379 906 589 984 gloriae
601 902 799 963 socius,
893 906 1150 962 Proxima
1165 902 1409 961 Cornelii
1433 897 1569 959 Fus-
1597 919 1635 975 4

376 996 430 1052 ci
467 993 842 1072 procuratoris
881 993 1170 1048 auctoritas
1192 1011 1210 1062 3
1253 991 1302 1047 is
1341 1007 1570 1067 quoque

374 1080 737 1137 inclementer
759 1079 820 1134 in
837 1077 1126 1134 Vitellium
1148 1077 1333 1134 invehi
1355 1073 1568 1147 solitus,

374 1163 513 1224 nihil
553 1160 659 1240 spei
697 1160 789 1219 fibi
825 1164 969 1218 inter
1001 1159 1222 1219 adversa
1253 1162 1563 1239 reliquerat.

375 1252 549 1309 Titus
584 1250 815 1325 Ampius
840 1247 1139 1304 Flavianus
1164 1263 1358 1305 natura
1385 1267 1448 1305 ac
1487 1244 1565 1304 se-

375 1339 531 1395 nesta
556 1338 867 1407 cunfiator,
891 1329 1215 1410 suspiciones
1239 1334 1474 1391 militum
1495 1335 1563 1390 ir·

380 1421 602 1494 thabat,
629 1434 908 1499 tamquam
929 1417 1212 1479 affinitatis
1237 1440 1362 1479 cum
1387 1417 1563 1478 Vitel-

378 1508 459 1569 lio
482 1504 836 1578 meminiffet;
867 1504 1121 1583 idemque
1140 1506 1289 1584 quod
1314 1522 1564 1584 coeptan-

381 1611 435 1656 te
458 1596 738 1672 legionum
754 1607 909 1652 motu
929 1591 1216 1671 profugus,
1233 1592 1356 1652 dein
1376 1591 1564 1671 sponte

384 1695 720 1742 remeaverat
739 1721 757 1752 ,
805 1677 1060 1756 perfidiae
1095 1679 1278 1738 locum
1319 1676 1567 1756 quaefiffe

382 1765 719 1827 credebatur.
749 1783 874 1821 nam
890 1763 1207 1824 Flavianum
1226 1763 1412 1823 ominsa
1429 1772 1564 1823 Pan-

385 1854 560 1912 nonia
587 1847 874 1929 ingressum
910 1847 1146 1921 Italiam,
1182 1866 1236 1908 et
1274 1848 1569 1910 discrimini

385 1951 725 2015 exemptum,
764 1954 941 1993 rerum
971 1955 1242 1995 novarum
1266 1935 1465 2014 cupido
1492 1938 1564 1993 le·

387 2025 500 2101 gati
528 2040 731 2080 nomen
761 2018 1047 2090 resumere,
1078 2037 1134 2079 et
1164 2021 1368 2081 misceri
1391 2022 1564 2081 civili·

335 2161 340 2165 .
392 2113 493 2170 bus
518 2110 682 2167 armis
705 2107 1027 2185 impulerat:
1077 2105 1333 2166 suadente
1360 2114 1565 2165 Corne⁴

393 2196 470 2256 lio
490 2193 694 2266 Fusco;
742 2213 861 2251 non
885 2197 1011 2270 quia
1046 2193 1304 2253 industria
1328 2194 1566 2251 Flaviani

392 2284 601 2360 egebat,
632 2278 720 2339 sed
742 2295 802 2337 ut
822 2277 1106 2339 consulare
1123 2300 1326 2338 nomen
1350 2278 1565 2353 surgen·

390 2373 541 2429 tibus
551 2387 675 2427 cum
690 2366 928 2448 maxime
943 2366 1212 2442 partibus,
1225 2363 1442 2422 honesta
1453 2362 1565 2442 spe-

382 2456 466 2513 cie
480 2451 949 2534 praetenderetur.
1041 2453 1301 2510 Ceterum
1322 2466 1383 2510 ut
1400 2441 1577 2509 trans-'-
1589 2468 1618 2523 ς
