1759 2975
438 179 1032 226 maronianum
1067 182 1200 225 mn.
1231 181 1280 224 ιι
1367 159 1474 239 57

261 262 287 300 ‘
302 263 478 325 rasse!
520 264 581 324 id
610 265 1006 325 sacramentum
1032 268 1197 324 inane
1232 256 1448 329 visum3

255 351 277 385 ‘
293 353 554 431 occupari
572 363 859 410 nutantem
882 349 1185 423 fortunam,
1203 364 1257 408 et
1279 345 1449 406 offer·

253 439 274 471 ‘
297 441 344 497 ri
365 440 673 517 principem
690 439 707 463 '
738 437 961 516 placuit.
1007 436 1138 496 miffi
1158 457 1189 494 a
1209 432 1446 493 Vitellio

250 524 320 583 ad
353 526 596 600 legiones
628 523 967 603 legatosque,
1000 527 1096 603 qui
1134 523 1154 555 ‘
1173 517 1448 581 desciviffit

249 609 271 643 ‘
290 630 322 669 a
340 610 514 669 Galba
530 608 863 689 superiorem
879 613 1183 670 exercitum
1199 612 1215 637 ’
1246 606 1445 666 nunci-

249 711 409 755 arent
429 718 447 767 ;
494 697 515 727 ‘
539 696 775 775 proinde
795 713 891 755 aut
907 696 1224 756 bellandum
1242 693 1442 753 adver·

247 783 267 815 ‘
292 782 379 842 sus
395 781 772 854 desciscentes,
783 801 878 841 aut
896 782 935 841 si
951 782 1250 842 concordia
1262 795 1316 839 et
1327 797 1442 859 pax

248 869 269 901 ‘
300 870 510 948 placeat
528 910 547 941 ‚
583 868 888 926 faciendum
912 871 1299 947 imperatorem
1320 888 1337 924 ε
1381 879 1442 923 et

250 955 269 986 ‘
298 958 516 1013 minore
561 952 875 1011 discrimine
922 952 1057 1010 sumi
1099 953 1399 1030 principem
1420 992 1440 1023 ,

168 1058 247 1116 57
262 1039 284 1071 ⁴
300 1059 466 1116 quam
485 1039 715 1115 quaeri.'
787 1041 1045 1097 Proxima
1064 1037 1300 1114 legionis
1327 1038 1439 1116 pri·

245 1145 371 1185 mae
410 1126 634 1182 hiberna
670 1139 830 1183 erant
849 1167 868 1198 ‚
917 1141 974 1184 et
1010 1125 1435 1205 promptiffimus

245 1216 277 1271 ὲ
302 1212 494 1288 legatis
519 1212 714 1270 Fabius
732 1211 965 1272 Valens.
1021 1215 1069 1271 is
1095 1211 1186 1272 die
1215 1211 1432 1292 postero

239 1299 517 1358 coloniam
540 1301 989 1379 Agrippinensem
1008 1319 1130 1359 cum
1153 1299 1433 1377 equitibus

239 1383 471 1461 legionis
488 1427 507 1458 ,
554 1388 1084 1465 auxiliariorumque
1123 1384 1391 1463 ingressus
1409 1426 1431 1459 ,

239 1471 916 1551 imperatoremVitellium
929 1471 1315 1532 consalutavit.
1351 1470 1445 1529 se·-

237 1572 399 1617 cutae
434 1560 648 1634 ingenti
686 1561 987 1615 certamine
1016 1557 1258 1633 ejusdem
1299 1577 1440 1635 pro·-

236 1646 455 1704 vinciae
470 1643 719 1718 legiones
740 1664 769 1699 z·
793 1660 847 1700 et
866 1640 1111 1720 superior
1130 1646 1431 1719 exercitus,

235 1728 490 1811 speciosis
516 1726 733 1788 senatus
750 1727 1051 1808 populique
1066 1732 1306 1788 Romani
1322 1750 1428 1790 no·

238 1818 484 1876 minibus
495 1815 719 1885 relictis,
737 1818 959 1874 tertium
980 1835 1158 1876 nonas
1173 1820 1427 1894 januari·

238 1923 300 1961 as
319 1902 816 1972 Vitellioaeceffit;
864 1901 1025 1962 scires
1054 1902 1207 1963 illum
1240 1908 1426 1983 priore

236 1988 409 2048 biduo
426 2008 542 2046 non
559 2008 724 2066 penes
742 1991 1122 2067 rempublicam
1135 1990 1305 2054 fuiss'e.
1339 2013 1424 2052 ar-

233 2073 427 2134 dorem
458 2078 796 2134 exercituum
815 2076 1262 2156 Agrippinenses,
1276 2082 1426 2139 Tre-

233 2164 379 2236 veri,
401 2163 683 2236 Lingones
706 2163 1039 2240 aequabant,
1080 2164 1099 2195 ‘
1117 2167 1341 2240 auxilia,
1365 2186 1424 2224 e·

234 2249 257 2280 ‘
279 2266 452 2325 quos,
485 2267 657 2320 arma,
689 2252 950 2327 pecunias
965 2252 992 2279 ’'
1013 2248 1335 2325 offerentes,
1360 2267 1425 2310 ut

234 2332 468 2413 quisque
497 2353 755 2411 corpore,
786 2337 1051 2413 opibus,
1034 2341 1259 2413 ingenio
1281 2336 1424 2395 vali·

236 2421 362 2479 dus.
418 2439 523 2479 nec
555 2423 830 2500 principes
868 2421 1040 2482 modo
1075 2423 1424 2481 coloniarum

238 2520 337 2565 aut
357 2505 683 2585 castrorum,
706 2509 918 2650 qugbus
929 2506 1232 2588 praesentia
1252 2526 1324 2565 ex
1345 2508 1431 2567 as·

860 2612 891 2670 5
