1759 2975
341 107 924 173 atsi-onustatur
958 106 1088 148 mn.
1119 104 1232 148 ιιι.
1292 101 1419 169 237

231 194 252 227 ‘
278 210 396 255 tur:
443 197 607 255 acciri
636 192 850 272 aquilas
875 189 1152 269 signaque,
1181 206 1236 250 et
1261 189 1421 269 quid-

234 281 254 312 ‘
279 281 415 360 quid
432 286 689 338 Veronae
712 278 945 338 militum
969 275 1142 336 foret:
1187 276 1423 336 Padum·

235 372 252 397 ‘
279 386 389 445 que
419 381 476 424 et
507 384 674 439 mare,
699 365 1089 424 commeatibus
1117 361 1425 443 compleri?

232 466 394 511 erant
412 453 554 510 inter
567 450 732 510 duces
733 491 756 525 ,
779 452 876 530 qui
895 453 1174 509 meterent
1196 468 1378 508 moras
1394 469 1417 522 ς

235 539 446 617 quippe
459 537 787 614 nimiusjam
804 535 1175 608 Antoniu⁸,et
1189 536 1423 595 certiora

233 643 306 702 ex
330 624 596 684 Muciano
618 620 984 702 sperabantur.
1030 639 1270 700 namque
1290 625 1419 681 Mu·

232 712 427 788 eianus
454 724 563 768 tam
588 710 746 767 celeri
776 710 1005 769 vistoria
1028 708 1251 781 anxius,
1273 721 1329 766 et
1355 708 1416 765 ni

232 793 481 877 praesens
494 795 627 854 urbe
639 795 935 873 potiretur,
944 808 1223 871 expertem
1241 789 1291 852 se
1302 792 1414 851 bel-

233 881 275 945 li
290 878 605 958 gloriaeque
621 894 787 947 ratus,
804 878 870 938 ad
890 881 1129 939 Ptimum
1142 894 1196 936 et
1206 884 1416 939 Varum

236 966 415 1025 media
434 965 787 1045 scriptitabat,
810 963 829 995 ‘
841 962 1146 1023 instandum
1159 965 1418 1043 coeptis,’

234 1038 333 1112 'siut
359 1048 591 1110 rursus‘
607 1050 896 1109 constandi
912 1051 1205 1119 utilitates’
1231 1047 1416 1110 edisse·

232 1157 399 1197 rens·
380 1177 400 1209 ,
445 1136 697 1216 atqueita
711 1133 1416 1216 eompofitus‚utexeven·
1428 1156 1432 1161 ·

234 1239 295 1283 tu
322 1244 497 1284 rerum
513 1220 732 1282 adversa
755 1225 1038 1290 abnueret,
1055 1222 1141 1282 vel
1159 1222 1419 1304 prospera

232 1307 570 1387 agnosceret,
601 1308 838 1367 Plotium
850 1310 1146 1386 Griphum‚
1157 1329 1334 1388 nuper
1349 1309 1419 1366 ab

230 1393 563 1474 Vespasiano
588 1395 645 1450 in
682 1391 1016 1451 senatorium
1046 1392 1300 1453 ordinem
1324 1393 1419 1465 ad·

231 1481 432 1552 ditum,
466 1499 531 1537 ac
554 1477 757 1553 legioni
782 1475 1165 1558 praepositum,
1188 1475 1423 1539 ceteros·

235 1586 343 1645 que
382 1562 478 1624 fibi
509 1562 673 1636 fidos,
717 1566 956 1641 apertius
985 1564 1224 1623 monuit‘.
1271 1567 1425 1644 iique

233 1669 457 1725 omnes,
478 1647 547 1708 de
568 1646 911 1709 festinatione
928 1650 1091 1708 Primi
1116 1668 1182 1710 ac
1198 1652 1333 1709 Vari
1357 1648 1420 1710 fi·

232 1735 424 1809 nistre‚
445 1752 502 1794 et
527 1736 791 1796 Muciano
813 1733 1056 1794 volentia
1086 1733 1418 1815 rescripsere.

234 1824 436 1903 quibus
465 1820 703 1901 epistolis
725 1818 1052 1899 Vespasiano
1082 1822 1263 1896 mistis,
1289 1820 1421 1881 effe·

232 1925 401 1983 cerat,
436 1922 498 1966 ut
529 1927 643 1966 non
667 1925 771 1985 pro
804 1904 894 1986 spe
916 1907 1173 1984 Antonii,
1201 1906 1424 1968 consilia

149 2018 187 2077 ς
196 2018 227 2077 3
241 1994 490 2074 faflaque
513 1994 634 2071 ejus
654 1991 1078 2052 aestimarentur.
1168 2003 1347 2073 Aegre
1364 1994 1421 2055 id

230 2082 346 2162 pati
366 2081 672 2148 Antonius,
701 2095 758 2137 et
778 2078 992 2158 culpam
1018 2079 1078 2137 in
1103 2084 1421 2141 Mucianum

228 2166 502 2239 conferre,
524 2165 685 2241 cujus
702 2167 1183 2224 criminationibus
1206 2163 1423 2225 eviluis-

200 2249 350 2324 xvsent
373 2249 611 2330 pericula
625 2249 755 2319 sua3
806 2271 909 2310 nec
924 2249 1261 2310 sermonibus
1281 2263 1418 2309 tem·

230 2338 473 2417 perabat,
503 2333 832 2395 immodicus
855 2331 1064 2412 lingua,
1091 2349 1148 2393 et
1181 2332 1430 2415 obsequii

232 2420 474 2504 insolens
495 2443 517 2501 5
547 2420 760 2484 litteras
777 2420 843 2484 ad
861 2418 1247 2503 vespafianum
1271 2440 1428 2485 com·
