1759 2975
377 129 461 196 68
556 150 621 194 c.
658 150 1045 193 contum!
1082 148 1376 195 τΑσιτι

367 232 526 292 dicus
550 228 772 291 saevitia
792 231 1002 304 fueratg
1048 229 1230 292 effulis
1266 231 1525 310 lacrymis
1542 267 1566 302 ,-

367 334 427 378 et
448 319 676 378 meliora
703 316 1047 378 constantius
1073 314 1422 399 postulandO,
1449 320 1563 379 im·

368 407 679 485 punitatem
702 403 1034 485 salutemque
1064 408 1274 465 civitati
1296 408 1560 485 impetra·

365 512 516 552 vere.
586 491 824 552 Caecina
837 512 1043 570 paucos
1059 493 1119 551 in
1137 492 1405 551 Helvetiis
1421 511 1545 551 mo·
1566 501 1648 559 7ο

365 595 518 638 ratus
529 577 669 650 dies,
681 577 812 638 dum
824 577 1336 638 sententiaeVitellii
1348 579 1556 639 certior

362 664 541 737 fieret,
578 663 731 724 fimul
755 664 1041 725 tranfitum
1070 666 1296 744 Alpium
1327 684 1556 743 parans„

362 751 564 812 laetum
588 772 661 810 ex
676 752 831 810 Italia
855 740 1114 813 n'untium
1130 739 1351 830 accipit,
1371 759 1385 779 ⁶
1406 751 1555 811 alam

363 840 383 871 ‘
409 838 683 917 Syllanam
698 842 844 900 cirea
860 837 1065 898 Padum
1083 852 1361 915 agentem,
1378 834 1555 896 saera-

364 925 386 961 ‘
410 942 602 985 mento
638 926 854 986 Vitellii
875 923 1162 985 ‘aceessiffe.
1190 928 1206 951 ’
1250 921 1554 1003 proconsu-

360 1012 468 1073 lem
493 1011 783 1073 Vitellium
804 1014 1015 1091 Syllani
1042 1012 1103 1071 in
1128 1010 1315 1072 Africa
1349 1013 1552 1071 habue-

363 1113 494 1159 rant
512 1120 530 1157 =
577 1118 715 1157 mox
740 1119 773 1157 a
800 1105 1047 1166 Nerone,
1072 1112 1134 1155 ut
1156 1101 1216 1157 in
1236 1105 1550 1175 Aegyptum

361 1186 876 1264 praemitterentur,
913 1186 1121 1255 exciti,
1158 1198 1214 1242 et
1241 1185 1316 1241 ob
1345 1182 1548 1243 bellum

360 1269 624 1329 Vindicis
648 1270 933 1342 remorati,
955 1289 1022 1327 ac
1038 1284 1156 1327 tum
1177 1271 1237 1327 in
1259 1267 1417 1328 Italia
1430 1289 1547 1327 ma-

357 1355 1552 1434 nentes,inffin6tudecurion.um,q1ss0tho-

359 1444 450 1505 nis
475 1444 677 1523 ignari,
704 1441 939 1504 Vitellio
960 1440 1226 1515 obstricti,
1257 1443 1429 1503 robur
1448 1441 1547 1503 ad-

360 1533 714 1594 ventantium
735 1530 1016 1610 legionum
1034 1545 1091 1588 et
1107 1529 1306 1590 famam
1323 1536 1545 1590 Germa·

358 1620 473 1679 nici
495 1621 772 1681 exercitus
795 1617 1158 1690 attollebant,
1201 1610 1472 1678 tranfiere'
1487 1619 1547 1678 in

358 1720 541 1785 partes
567 1727 584 1763 z
646 1719 704 1764 et
748 1720 812 1763 ut
856 1703 1070 1764 donum
1116 1702 1340 1783 aliquod
1385 1724 1545 1764 novo

355 1792 619 1870 principi,
640 1789 932 1849 firmiffima
943 1787 1373 1868 Transpadanae
1402 1791 1546 1868 regi-⁶

353 1878 484 1936 onis
509 1878 830 1955 municipia,
849 1873 1254 1949 Mediolanum,
1269 1893 1334 1933 ac
1350 1874 1545 1935 Nova-

351 1962 512 2036 riam,
548 1975 605 2020 et
635 1960 989 2041 Eporediam,
1026 1982 1089 2020 ac
1110 1960 1414 2037 Vercellae,
1443 1961 1543 2022 ad-

343 2048 619 2127 junxere3
666 2048 722 2107 id
739 2048 999 2108 Caecinae
1018 2068 1115 2126 per
1131 2045 1274 2130 ipsos
1289 2068 1543 2129 comper-

351 2147 494 2194 tum.
540 2148 597 2193 et
621 2137 748 2213 quia
777 2133 1037 2216 praefidio
1062 2135 1179 2194 alae
1200 2137 1361 2196 unius
1392 2134 1543 2196 latis-

354 2218 484 2279 fima
507 2240 630 2299 pars
648 2222 836 2283 Italiae
849 2220 1067 2281 defendi
1084 2224 1366 2302 nequibat,
1383 2241 1539 2301 prae·

355 2306 516 2366 millis
542 2307 852 2383 Gallorum,
877 2307 1288 2380 Lufitanorum,
1320 2310 1541 2367 Britan«

355 2413 667 2471 norumque
690 2396 1010 2454 cohortibus
1024 2438 1038 2465 ,
1058 2411 1113 2453 et
1130 2402 1538 2467 Germanorum

290 2480 293 2483 ’
355 2479 573 2540 vexillis
589 2522 610 2557 ,
627 2495 775 2542 'cum
796 2482 880 2541 ala
904 2482 1123 2541 Petrina
1143 2502 1161 2555 3
1211 2478 1322 2561 ipse
1344 2479 1540 2561 paulu·
