1759 2975
457 174 1291 228 ultrontassvnttuA„
1424 173 1471 236 9

271 262 353 322 cri
372 266 669 328 &Fonteii
701 262 993 342 Capitonis
1025 258 1212 319 caedes
1243 258 1467 317 nuntia-

266 366 485 411 rentur.
546 356 793 409 Macrum
826 346 1100 407 in'Africa
1129 344 1272 404 haud
1299 346 1467 404 dubie

268 439 612 512 turbantem,
631 436 955 495 Trebonius
973 433 1315 494 Garutianus
1330 450 1465 512 pro·

268 537 528 596 curator,
560 520 709 601 juffir
739 521 987 594 Galbae;
1031 520 1360 598 Capitonem
1401 519 1468 579 in

271 610 589 683 Germania,
634 628 758 667 cnm
785 606 976 667 fimilia
998 620 1298 686 coeptaret,
1322 611 1464 663 Cor»

269 694 450 753 nelias
472 697 732 775 Aquinus
754 711 809 753 et
835 696 1033 754 Fabius
1060 691 1271 751 Valens
1294 692 1464 771 legati

268 779 553 859 legionum
577 780 990 868 interfecerant,
1038 795 1334 857 antequam
1365 781 1461 856 ju·

268 868 548 929 berentur.
596 851 750 927 fuere
772 870 865 947 qui
892 864 1196 937 crederent,
1234 868 1460 945 Capito·

266 971 421 1026 nem,
458 970 523 1012 ut
553 955 784 1011 avaritia
813 968 869 1010 et
904 951 1128 1010 libidine
1149 950 1367 1010 foedum
1396 971 1462 1011 ac

266 1038 634 1109 maculosum,
671 1042 747 1097 ita
770 1039 1109 1117 cogitatione
1140 1058 1316 1096 rernm
1351 1059 1458 1096 no·

265 1145 463 1183 varum
498 1124 833 1185 abstinuisset
865 1123 956 1184 sed
980 1144 1010 1184 a
1031 1123 1223 1203 legatis
1254 1123 1459 1183 bellurn

263 1209 643 1286 suadentibu3‚
671 1210 959 1291 postquam
973 1210 1247 1291 impellere
1259 1214 1459 1289 nequi·

262 1302 474 1371 verint,
489 1300 694 1357 crimen
713 1319 775 1358 ac
790 1298 978 1357 dolum
989 1295 1354 1376 compolitum
1372 1295 1460 1354 nl-

259 1398 391 1443 tro.
431 1400 488 1442 et
513 1387 744 1447 Galbam
768 1384 1121 1443 mobilitate
1110 1385 1340 1461 ingenii,
1382 1403 1457 1443 an

262 1492 336 1530 ne
361 1472 526 1531 altius
549 1470 901 1573 scrutaretur,
922 1492 1156 1550 quoquo
1175 1468 1343 1529 modo
1367 1492 1456 1530 ac-

262 1572 342 1631 ta»,
378 1562 509 1638 quia
531 1560 728 1617 mutari
755 1578 871 1615 non
897 1574 1179 1636 poterant,
1199 1576 1461 1636 compro·

261 1642 422 1704 baffiz.
486 1661 729 1702 ceterum
760 1659 989 1720 utraque
1028 1642 1215 1702 caedes
1256 1642 1458 1704 sinistre

263 1747 519 1810 accepta:
565 1747 620 1788 et
644 1727 823 1790 inviso
864 1728 1021 1788 strnel
1056 1733 1326 1811 principe,
1365 1730 1457 1791 seu

263 1818 405 1876 bene
420 1816 507 1876 seu
536 1817 678 1876 male
700 1817 837 1877 facta
860 1834 1138 1896 premunt.
1182 1819 1298 1894 jam
1320 1816 1456 1876 affe-

264 1904 464 1962 rebant
498 1905 719 1962 venalia
746 1908 940 1962 cuncba
963 1919 1346 1983 praepotentes
1384 1904 1454 1962 li·

260 1991 425 2050 berti.
486 1988 769 2049 fervorum
802 2009 1002 2048 manns
1024 1990 1212 2050 subitis
1237 1991 1456 2066 avidae,

257 2091 317 2134 et
335 2091 616 2154 tamquam
633 2077 776 2156 apud
796 2075 974 2135 senem
994 2077 1340 2148 festinante„
1365 2098 1461 2136 ea-

262 2161 500 2240 demque
516 2182 694 2222 novae
708 2164 864 2222 aulae
881 2164 1043 2236 mala,
1060 2184 1230 2243 aeque
1245 2166 1455 2241 gravia,

263 2268 384 2308 non
409 2268 580 2327 aeque
602 2248 876 2309 excusata.
928 2249 1204 2327 ipsa-aetas
1223 2249 1454 2324 Galbae,

258 2350 321 2394 et
344 2332 522 2392 irrisui
548 2350 603 2394 et
629 2333 842 2395 fastidio
856 2352 994 2411 erat,
1018 2336 1455 2411 affuetisjuven·

261 2434 353 2478 tae
365 2421 631 2491 Neronis,
648 2435 703 2480 et
716 2422 1074 2500 imperatores
1089 2421 1268 2481 forma
1283 2439 1346 2475 ac
1362 2419 1467 2476 de·—

260 2509 666 2591 corecotporis
684 2504 779 2578 (ut
791 2507 866 2568 est
888 2528 1013 2568 mos
1031 2508 1216 2586 vulgi)
1232 2523 1470 2584 compar-
