1759 2975
366 154 959 197 nrsrottaaum
993 151 1125 193 ιη.
1156 152 1201 194 ι.
1289 146 1380 211 49

194 237 502 310 moderate3
539 238 659 315 jam
685 233 889 308 senior,
921 233 1228 294 citeriorem
1251 230 1379 291 His-

194 328 413 407 paniam
455 326 574 404 pari
604 319 815 399 justitia
841 322 1153 389 continuit,
1198 320 1380 396 major

191 415 418 492 privatq
436 408 609 477 visus,
632 407 761 467 dum
781 410 1023 486 privatus
1035 406 1162 481 fuit,
1186 420 1241 466 et
1256 427 1382 466 om·

190 501 353 559 nium
385 493 647 557 consensu
670 514 838 574 capax
860 496 1113 573 imperii,
1152 491 1253 553 nifi
1277 495 1383 553 im-

106 581 450 667 50perasset.
517 582 811 662 Trepidam
835 583 1049 654 urbem,
1071 601 1134 641 ac
1150 579 1305 640 fimul
1324 600 1384 639 a·

194 672 502 732 uocitatem
526 669 760 730 recentis
789 667 1027 741 sceleris,
1053 665 1210 728 fimul
1231 682 1385 728 vete-

194 778 284 818 res
314 758 555 817 othonis
591 776 773 817 mores
812 770 1103 835 paventem
1128 798 1149 830 ,
1200 774 1385 816 novus

196 841 416 923 insuper
455 844 525 903 de
559 842 798 901 Vitellio
837 844 1069 900 nuntius
1099 843 1389 913 exterruit,

197 947 334 991 ante
354 929 575 989 caedem
600 929 808 986 Galbae
829 924 1153 1004 suppressus,
1181 941 1244 984 ut
1265 941 1390 985 tan-

200 1032 324 1076 tum
336 1014 632 1095 superioris
644 1014 965 1071 Germaniae
978 1014 1278 1072 exercitum
1294 1011 1392 1072 de·

202 1099 415 1165 scivisti:
451 1099 778 1160 crederetur.
827 1114 945 1158 tum
984 1097 1159 1159 ‘duos
1203 1101 1391 1160 omni·

203 1188 221 1220 ‘
249 1209 344 1248 um
381 1187 694 1248 mortalium
720 1187 1094 1266 impudicitia,
1134 1188 1392 1266 ignavia,

204 1274 467 1335 ‘luxuria
487 1274 842 1344 deterrimos,
882 1274 1033 1334 velut
1056 1274 1126 1334 ad
1156 1275 1391 1353 perden-

206 1361 227 1394 ‘
245 1363 376 1423 dum
403 1364 692 1441 imperium
723 1361 955 1421 fataliter
980 1361 1234 1438 eleetos,’
1268 1384 1392 1422 non

206 1447 416 1510 senatus
433 1448 602 1510 modo
627 1464 681 1509 et
704 1468 895 1528 eques,
918 1450 1043 1527 quis
1062 1447 1245 1529 aliqua
1266 1468 1393 1529 pars

205 1552 262 1596 et
287 1556 418 1597 cura
439 1535 787 1614 reipublicae,
820 1534 912 1593 sed
942 1534 1144 1611 vulgus
1168 1555 1396 1614 quoque

205 1622 387 1704 palam
406 1641 670 1681 moerere.
712 1621 943 1697 necjam
961 1622 1196 1678 recentia
1214 1619 1398 1680 saevae

207 1711 360 1790 pacis
383 1709 656 1787 exempla,
682 1705 768 1766 sed
792 1706 1018 1786 repetita
1034 1706 1299 1768 bellorum
1316 1709 1397 1769 ci-

206 1794 406 1856 vilium
428 1797 699 1855 ¹memoria
713 1838 731 1868 ,
773 1792 794 1826 ‘
811 1809 1028 1874 captam
1059 1795 1264 1855 totiens
1286 1794 1396 1856 suis

210 1887 229 1914 ‘
253 1885 582 1943 exercitibus
613 1884 837 1955 urbem,
867 1879 1170 1942 vastitatem
1189 1883 1400 1961 Italiae,

207 1967 229 2001 ‘
250 1968 588 2048 direptiones
604 1970 1033 2049 provinciarum,
1054 1969 1397 2046 Pharsaliam,

210 2056 231 2089 ‘
253 2058 564 2137 Philippos,
595 2071 649 2115 et
673 2053 935 2115 Perufiam
967 2077 1030 2114 ac
1062 2059 1399 2132 Mutinam,'

208 2158 349 2203 nota
378 2142 716 2220 publicarum
748 2140 981 2201 cladium
1014 2146 1239 2204 nomina
1259 2187 1277 2219 ,
1314 2145 1401 2206 lo·

208 2231 545 2309 quebantur.
589 2235 607 2260 ‘
627 2249 796 2309 prope
819 2227 1061 2288 eversum
1091 2232 1276 2292 orbem
1294 2273 1314 2305 ,
1342 2252 1400 2290 e·

210 2316 231 2347 ‘
251 2318 382 2376 tiam
403 2314 605 2374 cumde
622 2318 928 2393 principatu
943 2317 1276 2376 interbonos
1289 2337 1405 2375 cer-

211 2400 233 2433 ‘
256 2418 490 2475 taretur3
528 2400 610 2461 sed
630 2400 869 2460 manfifl'e
888 2408 950 2460 C.
970 2401 1143 2477 Julio‚
1166 2397 1408 2460 manfiffe

215 2488 482 2548 ‘Caesare
521 2488 765 2566 Augusto
809 2491 1019 2548 viRore
1063 2489 1352 2568 imperium
1383 2508 1404 2559 ;

306 2580 405 2635 To
419 2595 461 2634 M
481 2620 494 2636 .
531 2594 637 2636 111.
817 2580 865 2632 C
