1759 2975
349 155 432 222 42
536 161 1019 204 &conflatu
1054 159 1356 205 τΑσιτι

340 250 523 326 gitur,
553 244 1024 328 consumpseritne
1056 266 1248 306 vocem
1281 247 1401 324 ejus
1430 246 1524 307 in·

338 332 485 393 stans
505 347 686 393 metus
705 376 723 406 ,
763 354 835 392 an
869 333 1290 413 proclamaverit
1308 376 1327 408 ,
1354 334 1373 367 ‘
1401 354 1524 394 non

339 418 361 452 ‘
385 417 487 478 esse
516 421 585 478 ab
615 422 839 478 Othone
860 419 1180 480 mandatum
1220 435 1281 478 ut
1303 419 1522 480 occide-

336 503 358 536 ‘
382 508 580 565 retur!
619 505 773 583 quod
790 504 877 565 seu
896 505 1062 564 finxit
1078 505 1402 577 formidine3
1432 505 1523 565 seu

337 589 672 651 conscientia
693 592 1098 668 conjurationis
1120 590 1393 653 confeffus
1414 590 1488 650 est
1502 612 1522 650 ε

339 680 450 736 huc
470 680 659 757 potius
690 680 811 754 ejus
834 680 951 736 vita
970 676 1225 757 famaque
1253 678 1484 735 inclinat
1503 720 1525 752 ,

339 777 405 821 ut
433 761 684 823 conscius
716 762 929 822 sceleris
949 763 1136 837 fuerit,
1164 764 1322 841 cujus
1344 762 1527 823 caussa

340 864 490 921 crat3
518 865 647 910 ante
663 849 845 909 aedem
862 849 978 909 divi
1005 851 1135 927 Julii
1144 851 1319 928 jacuit
1341 851 1527 929 primo

341 936 452 995 ictu
483 939 542 995 in
578 938 876 1018 poplitem,
916 957 1052 996 mox
1092 939 1160 995 ab
1198 936 1347 1013 Julio
1372 940 1528 996 Caro

344 1021 653 1099 legionario
703 1024 877 1082 milite
924 1026 984 1081 in·
1037 1041 1331 1102 utrumque
1378 1023 1528 1082 latus

343 1106 830 1168 transverberatus.
922 1108 1192 1183 Insignem
1217 1108 1305 1168 illa
1327 1109 1415 1168 die
1438 1112 1518 1169 vi·
1533 1134 1569 1190 4
1577 1133 1610 1193 3

345 1211 467 1253 rum
492 1198 870 1272 Sempronium
898 1194 1143 1253 Densum
1168 1211 1311 1253 aetas
1344 1196 1528 1256 nostra

343 1278 504 1339 vidit.
553 1281 811 1338 centurio
830 1281 878 1337 is
898 1284 1199 1356 praetoriae
1221 1284 1465 1340 cohortis
1495 1302 1528 1340 a

345 1365 519 1424 Galba
546 1365 818 1423 custodiae
842 1365 1055 1424 Pisonis
1080 1366 1318 1434 additus,
1347 1366 1532 1427 stric'io

345 1452 584 1532 pugione
616 1471 916 1513 occurrens
957 1454 1176 1512 armatis
1197 1474 1216 1527 ς
1261 1466 1317 1512 et
1355 1451 1530 1515 scelus

346 1543 713 1619 exprobrans,
736 1560 798 1599 ac
819 1538 992 1601 modo
1017 1560 1202 1614 manu,
1227 1539 1395 1600 modo
1424 1562 1530 1601 vo·

347 1645 432 1694 ce,
467 1627 737 1687 vertendo
770 1630 829 1686 in
862 1626 915 1685 se
939 1626 1304 1706 percussores,
1337 1648 1531 1706 quam-

348 1732 513 1790 quam
541 1714 834 1772 vulnerato
863 1712 1048 1772 Pisoni
1073 1710 1332 1790 effugium
1357 1714 1529 1774 dedit.

348 1795 472 1855 Piso
489 1799 547 1854 in
565 1798 749 1856 aedem
761 1798 955 1857 Vestae
971 1796 1222 1877 pervasit,
1246 1798 1531 1879 exceptus-

332 1901 460 1959 .que
480 1882 845 1942 misericordia
862 1885 1062 1962 publici
1079 1882 1239 1954 servi,
1263 1901 1319 1943 et
1333 1899 1527 1943 contu·

353 1967 551 2027 bernio
571 1971 688 2045 ejus
713 1969 950 2038 abditus,
976 1990 1092 2029 non
1116 1970 1402 2047 religione,
1427 1991 1532 2032 nec

347 2056 720 2123 caerimoniis,
746 2054 836 2113 sed
860 2056 1064 2115 latebra
1088 2053 1386 2115 imminens
1410 2060 1531 2115 exi-

348 2140 489 2198 tium
516 2138 833 2200 differebatt
879 2160 1004 2201 cum
1037 2142 1337 2213 advenere,
1376 2142 1533 2204 miffu

347 2227 614 2296 Othonis,
637 2222 966 2287 nominatim
981 2231 1042 2287 in
1063 2229 1277 2288 caedem
1302 2232 1420 2306 ejus
1441 2250 1532 2288 ar-

350 2312 577 2382 dentes,
615 2313 884 2393 Sulpicius
907 2314 1101 2374 Florus
1133 2336 1166 2374 e
1202 2318 1535 2375 Britannicis

351 2401 698 2469 cohortibus„
723 2421 899 2479 nuper
932 2420 962 2459 a
986 2399 1159 2460 Galba
1188 2401 1410 2459 civitate
1433 2400 1539 2457 do·

349 2500 537 2556 natus,
566 2502 624 2545 et
644 2488 859 2549 Statius
885 2492 1112 2547 Murcus
1137 2485 1479 2567 speculatorz
1507 2506 1542 2545 a
