1759 2975
424 146 1013 192 maronianum
1049 150 1181 193 ma.
1212 153 1261 195 ι.
1360 147 1442 213 13

252 222 571 288 Alexander
606 226 846 306 ejusdem
885 230 1161 289 nationis·
1232 229 1447 305 Africa,

250 330 317 373 ac
363 311 616 391 legiones
658 315 718 374 in
760 334 867 389 ea,
910 314 1199 376 interfecto
1241 314 1446 376 Clodio

251 403 487 474 Macro,
523 411 816 462 contentae
836 402 1207 482 qualicunque
1235 404 1446 483 princi·

253 503 348 564 pe,
370 484 492 563 post
506 489 934 566 experimentum
952 486 1163 548 domini
1183 491 1440 552 minoris.

255 559 400 631 duae
430 577 803 634 Mauretaniae
818 617 838 648 ‚
875 575 1067 634 Raetia
1085 616 1108 649 ,
1143 577 1449 651 Noricum,

258 658 524 734 Thracia,
561 674 620 718 et
657 678 799 739 quae
830 661 966 722 aliae
990 664 1445 740 procuratoribus

254 744 612 821 cohibentur,
633 761 696 806 ut
712 749 910 827 cuique
928 750 1195 810 exercitui
1211 750 1450 825 vicinae,

256 830 338 891 ita
358 832 417 891 in
446 831 696 892 favorem
728 849 822 892 aut
844 832 1034 893 odium
1063 839 1321 894 contactu
1346 856 1448 895 va·

254 914 562 977 lentiorurn
585 921 910 994 agebantur.
955 920 1193 978 inermes
1220 923 1451 999 provin·

257 1005 403 1078 ciae,
436 1020 604 1082 atque
639 1001 754 1082 ipsa
784 1006 844 1064 in
882 1005 1077 1083 primis
1110 1005 1290 1082 Italia,
1328 1010 1460 1067 cuim

260 1108 500 1167 cumque
532 1087 757 1149 servitio
782 1090 1083 1171 expolitae,
1119 1093 1178 1153 in
1206 1094 1445 1174 pretium

260 1174 385 1237 belli
404 1173 637 1238 ceffurae
658 1193 836 1238 erant.
882 1180 972 1238 hic
998 1177 1102 1238 fuit
1124 1198 1305 1240 rerum
1331 1185 1446 1239 Ro-

258 1282 541 1322 manarum
559 1261 749 1336 status,
762 1285 887 1324 cum
903 1271 1020 1325 Ser.
1033 1265 1209 1325 Galba
1226 1268 1449 1340 iterum,

255 1354 338 1410 Τ.
355 1350 560 1409 Vinius
580 1349 854 1424 consules,
884 1353 1217 1411 inchoavere
1240 1372 1449 1412 annum

257 1433 352 1497 fibi
383 1435 658 1512 ultimum,
696 1438 1028 1514 reipublicae
1057 1458 1227 1518 prope
1262 1437 1447 1517 supre-

176 1547 202 1591 1
218 1545 253 1588 2
266 1543 439 1583 mum.
529 1526 722 1582 Paucis
742 1523 861 1603 post
875 1524 1140 1584 kalendas
1157 1527 1445 1601 januarias

254 1608 470 1682 diebus,
487 1611 730 1688 Pompeii
746 1612 1051 1689 Propinqui
1070 1614 1444 1688 procuratoris

255 1717 289 1755 e
301 1696 519 1774 Belgica
532 1695 746 1756 litterae
759 1693 1069 1756 afferuntur
1081 1719 1100 1767 3
1120 1697 1139 1728 ‘
1150 1694 1446 1777 superioris

255 1782 278 1813 ⁴
303 1782 631 1842 Germaniae
647 1783 919 1860 legiones,
939 1800 1102 1862 rupta
1124 1783 1447 1845 sacramenti

257 1865 279 1898 ‘
304 1871 632 1944 reverentia,
653 1870 1038 1948 imperatorem
1055 1870 1449 1949 alium'flagita·

258 1953 282 1988 ‘
306 1975 385 2028 re,
419 1970 476 2014 et
507 1951 713 2014 senatui
745 1976 810 2015 ac
840 1956 1052 2036 populo
1075 1963 1334 2018 Romano
1357 1980 1447 2018 ar·

260 2038 283 2073 ‘
304 2042 527 2100 biti-ium
543 2040 780 2120 eligendi
797 2044 1152 2122 permittere,’
1176 2065 1292 2124 quo
1311 2042 1452 2104 sedi-

255 2129 342 2187 tio
371 2125 596 2189 mollius
632 2132 984 2210 acciperetur.
1053 2132 1353 2192 maturavit
1381 2153 1448 2191 ea

256 2233 346 2275 rea
366 2211 650 2274 confilium
664 2215 892 2289 Galbae,
910 2217 1026 2293 jam
1045 2216 1253 2296 pridem
1269 2216 1336 2276 de
1354 2217 1450 2277 ad-

255 2302 490 2379 optione
510 2296 686 2361 secum
713 2317 769 2360 et
792 2323 918 2361 cum
943 2304 1215 2381 proximis
1229 2305 1449 2378 agitan-

256 2387 355 2447 tis.
404 2406 522 2445 non
540 2384 666 2446 sane
681 2389 928 2448 crebrior
953 2403 1073 2448 tota
1095 2389 1322 2449 civitate
1345 2385 1452 2446 ser·

257 2492 356 2537 mo
379 2471 627 2556 perillus
643 2471 857 2539 menses
879 2473 1091 2548 suetan
1128 2472 1368 2555 primum
1383 2472 1454 2533 li-
