1759 2975
372 155 493 230 148
595 172 653 215 c.
689 165 996 214 conum.
1017 167 1402 217 :ammom-1

298 323 305 330 „
352 269 467 328 que
503 271 639 309 mox
676 251 737 310 in
774 249 963 312 senatu
996 252 1237 312 Caecilio
1268 252 1547 333 Simplici,

351 335 374 368 ‘
398 335 550 413 quod
571 356 695 395 eum
729 339 1003 399 honorem
1030 340 1256 418 pecunia
1286 341 1543 411 mercari,

349 426 373 455 ·‘
398 442 500 479 nec
524 420 636 480 fine
656 425 832 483 exitio
857 424 997 485 Celsi
1026 419 1310 496 volui'ss'etz3
1329 428 1345 452 ’
1373 425 1541 484 -resti-

348 508 420 565 tit
438 508 733 584 Vitellius,
772 510 1037 591 deditque
1072 510 1257 590 postea
1287 509 1538 572 cmsulm·

346 607 466 653 tum
494 596 757 673 Simplici,
789 599 1084 657 innoxium
1118 610 1177 655 et
1206 597 1534 675 inemptum.

346 682 682 740 Trachalum
701 681 955 742 adversus
976 685 1354 756 criminantes,
1371 682 1539 742 Gale-

349 768 430 825 ria
446 786 592 826 uxor
601 768 814 828 Vitellii
837 771 1105 848 protexit.
1198 774 1353 827 Inter
1370 787 1521 845 mag·
1541 765 1579 825 6
1592 785 1621 828 ι

348 873 549 913 norum
570 857 817 915 virorum
840 855 1154 916 discrimina
1186 852 1528 934 (pudendum

340 939 526 1016 dieiu)
553 944 826 1001 Mariccus
854 942 1155 1020 quidam,·e
1179 941 1335 1018 plebe
1357 941 1532 1017 Bojo-

344 1045 491 1094 rum,
506 1026 735 1087 inserere
749 1026 853 1088 sese
868 1028 1141 1101 fortunae,
1156 1041 1209 1083 et
1226 1042 1533 1106 provocare

341 1129 496 1169 arma
516 1118 772 1171 Romana
788 1156 808 1186 ,
849 1112 1193 1171 simulatione
1236 1113 1536 1172 numinum

340 1194 497 1255 ausus
521 1195 611 1254 est.
653 1196 881 1277 jamque
920 1194 1177 1255 ‘affertor
1199 1195 1532 1271 Galliarum,

341 1284 430 1340 ‘et
451 1281 586 1340 deus
600 1284 616 1308 ’
637 1281 871 1351 (nomen
894 1281 949 1340 id
966 1281 1061 1341 fibi
1077 1281 1380 1357 indiderat)
1391 1302 1532 1341 con·

338 1369 466 1426 citis
480 1371 618 1425 octo
637 1368 876 1427 millibus
901 1370 1210 1437 hominum,
1232 1369 1529 1445 proximos

320 1453 661 1516 ·Aeduorum
680 1475 851 1536 pagos
867 1457 1115 1516 trahebat
1131 1475 1150 1527 ;
1175 1473 1301 1515 cum
1320 1453 1529 1530 gravis·

340 1540 468 1601 fima
484 1543 703 1617 civitas,
723 1543 891 1603 elefta
908 1544 1223 1622 juventute,
1246 1541 1468 1616 adjectis
1492 1562 1527 1600 a

339 1630 576 1689 Vitellio
597 1631 943 1704 cohortibus,
961 1628 1252 1688 fanaticam
1274 1626 1528 1686 multitu·

338 1715 524 1774 dinem
541 1716 782 1791 disjecit.
814 1732 1009 1794 captus
1027 1719 1085 1773 in
1102 1735 1170 1772 eo
1186 1713 1392 1793 praelio
1403 1718 1464 1772 M
1468 1734 1526 1771 a·

333 1805 534 1875 ricam,
556 1822 619 1859 ac
635 1822 771 1860 mox
792 1801 921 1859 feris
941 1801 1222 1876 objefiius3
1260 1799 1387 1877 quia
1405 1819 1525 1859 non

334 1887 661 1959 laniabatur,
674 1885 928 1945 stolidum
937 1886 1135 1963 vulgus
1149 1885 1525 1945 inviolabilem

334 1972 610 2047 credebat,
626 1973 806 2031 donec
822 1969 1094 2052 spectante
1109 1971 1340 2030 Vitellio
1358 1972 1525 2029 inter·

334 2059 505 2119 scetus
523 2059 618 2118 est.
711 2065 830 2119 Nec
847 2058 990 2117 ultra
1005 2061 1065 2117 in
1081 2057 1399 2131 defeciores,
1418 2072 1516 2116 aut
1534 2058 1616 2118 62

333 2148 482 2205 bona
505 2143 851 2225 cujusquam,
895 2143 1195 2205 saevitum:
1234 2157 1352 2202 rata
1380 2141 1530 2202 fuere

333 2250 545 2305 cotum,
586 2235 683 2312 qui
708 2233 820 2292 acie
836 2233 1157 2291 Othoniana
1188 2228 1524 2302 ceciderant,

331 2319 670 2393 testamenta,
709 2333 804 2377 aut
827 2319 917 2377 lex
941 2315 1232 2384 intestatis;
1282 2311 1528 2391 prorsus,

327 2406 373 2464 fi
403 2405 662 2464 iuxuriae
700 2417 1045 2479 temperaret,
1089 2400 1369 2460 avaritiam
1406 2416 1528 2458 non

333 2493 573 2561 timeres,
606 2490 892 2572 epularum
916 2486 1077 2549 foeda
1096 2500 1152 2547 et
1175 2481 1529 2564 inexplebilis
