1759 2975
371 138 959 185 nist-onustum
993 139 1202 184 tun.
1311 136 1394 199 71

194 222 453 289 adversus
471 224 750 305 publicum
762 222 977 297 odium,
988 225 1255 303 privatam
1272 243 1399 303 gra-

194 316 333 376 tiam
345 326 633 394 praeparat
654 333 673 371 z
713 308 864 371 unde
878 310 1036 370 nulla
1044 311 1400 372 innocentiae

195 421 357 476 cura,
376 398 466 460 sed
481 399 633 458 vices
649 398 1016 478 impunitatis.
1045 418 1118 459 eo
1133 397 1403 459 infenfior

194 486 467 569 populus,
491 483 677 546 addita
698 485 764 546 ad
787 498 947 546 vetus
975 485 1244 563 Tigellini
1273 485 1399 546 odi·

196 594 301 635 um
321 572 526 635 recenti
550 577 632 634 T.
652 573 812 633 Vinii
834 572 1073 647 invidia,
1098 593 1400 634 concurre·

193 681 265 723 te
288 664 322 720 ὲ
351 675 472 720 tota
494 661 631 721 urbe
650 661 709 719 in
747 659 1014 741 palatium
1052 679 1114 720 ac
1144 658 1264 720 fora
1280 701 1301 737 ,
1341 673 1402 721 et

196 748 301 809 ubi
335 747 571 829 plurima
600 747 756 823 vulgi
784 746 1012 806 licentia
1027 788 1049 821 ,
1090 747 1152 806 in
1188 750 1400 807 circum

201 855 271 895 ac
296 836 510 894 theatra
530 831 705 908 effofi,
737 829 1004 894 seditiofis
1036 834 1270 893 vocibus
1295 835 1400 895 ob·

200 919 437 1000 strepere
453 941 471 978 ε
515 918 697 977 donec
715 917 1060 996 Tigellinus,
1092 933 1321 998 accepto
1344 938 1403 978 a·

198 1005 321 1086 pud
347 1001 694 1064 Sinuess‘anax
717 1022 891 1084 aquas
913 1000 1193 1082 supremae
1221 1001 1405 1066 neces·

203 1090 384 1154 fitatis
407 1091 649 1167 nuncio,
684 1092 831 1151 iuter
861 1088 1045 1171 stupra
1064 1093 1404 1153 concubina-

202 1198 358 1256 rum,
378 1192 433 1237 et
456 1175 660 1253 oscula,
687 1194 746 1239 et
766 1177 1046 1239 deformes
1067 1198 1275 1257 moras,
1291 1178 1404 1241 sec·

202 1268 281 1327 tis
310 1264 585 1326 novacula
603 1264 852 1328 faucibus
875 1309 894 1337 ‚
941 1265 1200 1327 infamem
1223 1269 1402 1329 vitam

206 1351 456 1414 foedavit
482 1354 652 1415 etiam
674 1356 830 1414 exitu
852 1352 974 1414 sero
995 1370 1054 1413 et
1084 1350 1399 1415 inhonesto,

121 1456 155 1514 7
167 1456 198 1518 3
212 1445 318 1502 Per
336 1437 485 1502 idem
509 1455 725 1520 tempus
748 1440 1095 1521 expostulata
1109 1440 1179 1500 ad
1197 1439 1403 1520 suppli:-

205 1530 353 1588 cium
373 1527 576 1588 Calvia
597 1526 913 1607 Crispinilla
931 1571 949 1599 ,
985 1529 1153 1586 variis
1175 1527 1400 1587 frustra·

204 1615 492 1689 tionibus,
521 1628 578 1673 et
602 1610 824 1673 adversa
845 1612 1223 1672 diffimulantis
1249 1614 1404 1692 prin·

205 1702 343 1783 cipis
366 1700 532 1776 fama,
547 1698 793 1780 periculo
809 1717 1066 1780 exempta
1084 1697 1189 1758 est:
1232 1702 1404 1778 magi-

208 1786 313 1848 stra
352 1785 640 1847 libidinum
675 1789 944 1856 Neronis,
983 1784 1304 1865 transgressa
1343 1790 1403 1848 in

208 1873 456 1936 Africam
493 1872 563 1933 ad
597 1872 963 1952 instigandum
994 1876 1054 1933 in
1092 1895 1245 1933 arma
1271 1874 1407 1934 Clo·

208 1961 362 2022 dium
385 1965 672 2037 Macrum,
707 1960 907 2020 famem
943 1962 1135 2042 populi
1164 1963 1405 2023 Romani

209 2047 354 2108 haud
390 2045 617 2108 obscure
638 2047 832 2106 molita
852 2090 871 2121 ,
920 2052 1095 2108 totius
1126 2048 1306 2128 postea
1327 2051 1405 2109 ci·

209 2136 404 2196 vitatis
440 2136 669 2210 gratiam
709 2134 956 2194 obtinuit
987 2135 1259 2197 consulari
1289 2155 1406 2196 ma·

212 2221 482 2281 trimonio
503 2220 701 2279 innixa
722 2235 780 2279 et
798 2220 942 2298 apud
957 2221 1209 2297 Galbam,
1228 2225 1410 2282 Otho-

212 2326 336 2368 nem
343 2304 671 2382 ‚Vitellium
687 2305 865 2366 illaesa
887 2328 904 2366 t
943 2328 1082 2367 mox
1099 2324 1296 2387 potens
1314 2326 1410 2385 pe·

218 2396 405 2470 cunia,
431 2408 487 2453 et
510 2394 772 2468 orbitate,
791 2413 933 2474 quae
956 2395 1126 2455 bonis
1150 2393 1414 2469 malisque

135 2498 167 2555 7
181 2500 217 2557 4
231 2482 571 2562 temporibus
584 2479 752 2560 juxta
768 2479 980 2542 valent.
1072 2479 1309 2538 crebrae
1329 2478 1419 2538 in·
1475 2544 1480 2549 ,
