1759 2975
362 187 442 255 30
544 186 612 233 e.
642 189 1018 232 conium-1
1056 185 1348 231 net-n

351 274 374 306 ‘
397 290 482 344 to,
517 271 578 330 in
602 270 774 331 vestra
802 291 970 330 manu
1009 268 1241 352 politum
1264 266 1371 341 est}
1413 277 1535 330 non

351 356 374 389 ‘
398 360 551 437 quia,
588 378 714 418 meo
742 359 999 432 nomine,
1045 355 1338 417 tristiorem
1358 353 1539 415 casum

351 443 373 477 ⁴
399 463 650 524 paveam,
680 459 741 503 ut
764 446 858 523 qui
877 442 1128 503 adversas
1148 462 1231 501 res
1256 455 1536 522 expertura

354 530 375 561 ‘
400 551 523 588 cum
551 533 791 589 maxime
821 531 1013 588 ducam
1035 551 1104 587 ne
1129 527 1389 587 secundas
1414 528 1541 606 qui·

355 616 375 649 ‘
399 617 521 675 dem
546 619 732 676 minus
749 617 1072 676 discriminis
1092 617 1318 673 haberet
1345 614 1542 693 patris,

354 702 377 738 ‘
402 717 459 763 et
475 701 717 776 senatus,
741 718 799 763 et
822 701 985 784 ipfius
1003 702 1214 782 imperii
1235 702 1411 759 vicem
1439 698 1544 758 do-

357 787 380 821 ‘
403 790 515 865 leo,
544 787 580 846 fi
629 792 793 850 nobis
823 803 920 848 aut
949 790 1119 868 perire
1147 787 1314 846 bodie
1339 782 1546 845 necesse

359 875 383 912 ‘
405 874 512 949 est;
545 891 639 935 aut
664 875 816 955 quod
833 895 1004 955 aeque
1027 874 1171 954 apud
1187 876 1369 934 bonos
1388 869 1544 930 mise*

359 963 382 998 ‘
402 979 528 1022 rum
561 962 656 1035 est,
686 963 978 1028 occider&
1024 958 1274 1020 solatium
1306 958 1546 1039 proximi

360 1049 385 1083 ‘
408 1066 596 1109 motus
621 1051 972 1121 habebamus,
1003 1050 1341 1107 incruentam
1359 1033 1547 1105 nibem

365 1136 389 1169 ‘
411 1152 465 1193 et
484 1155 566 1192 res
583 1134 688 1192 sme
712 1133 979 1193 discordia
1001 1133 1303 1193 transsatas.
1355 1133 1549 1211 provi-

362 1222 382 1253 ⁴
408 1221 525 1281 sum
556 1222 859 1300 adoptione
895 1218 1203 1291 videbatur,
1246 1235 1305 1277 ut
1331 1239 1400 1276 ne
1430 1215 1552 1297 post

362 1307 385 1340 ‘
410 1306 641 1366 Galbam
660 1306 879 1385 quidem
898 1305 1046 1364 bello
1064 1305 1219 1365 locus
1236 1305 1385 1365 esset.
1447 1307 1543 1362 Ni·
1565 1324 1645 1384 30

365 1392 389 1428 ⁶
411 1395 491 1452 hil
519 1394 790 1471 arrogabo
821 1394 956 1451 mibi
987 1392 1292 1451 nobilitatis
1316 1406 1411 1450 aut
1433 1395 1557 1450 nio-'-

364 1482 388 1518 ‘
415 1479 643 1553 destiae3
680 1499 859 1559 neque
887 1481 1034 1540 enim
1059 1478 1228 1538 relatu
1261 1481 1559 1555 virtutum,

367 1569 392 1603 ‘
419 1570 478 1629 in
495 1564 910 1649 comparatione
922 1568 1160 1624 Othonis
1178 1587 1318 1646 opus
1335 1564 1431 1624 est.
1474 1567 1559 1626 vi-

367 1656 391 1691 ‘
413 1657 488 1715 tia
500 1700 516 1730 ‚
531 1658 729 1734 quibus
747 1652 873 1712 solis
892 1653 1178 1729 gloriatur,
1197 1667 1438 1711 evertere
1454 1655 1560 1711 im·

372 1742 396 1777 ⁴
421 1745 652 1822 perium,
678 1742 980 1798 eti'am'cum
999 1742 1232 1798 amicum
1257 1740 1559 1817 imperato-

371 1826 394 1860 ‘
420 1829 496 1886 ris
518 1840 722 1903 ageret.
769 1827 1031 1882 habitune
1049 1841 1102 1882 et
1119 1823 1342 1899 incessu,
1374 1845 1443 1882 an
1462 1826 1560 1883 illo

372 1912 397 1945 ‘
420 1913 670 1976 muliebri
686 1926 911 1985 ornatu,
929 1928 1225 1969 mereretur
1239 1911 1556 1990 imperium?

376 2000 396 2032 ‘
418 1996 710 2071 falluntur,
731 2000 932 2076 quibus
950 1996 1167 2055 luxuria
1184 1994 1409 2075 speciem
1429 1992 1564 2055 libe.'

374 2084 397 2120 ⁴
422 2083 656 2144 talitatis
691 2085 956 2164 imponit.
1025 2081 1248 2162 perdere
1282 2080 1565 2156 iste-sciet,

375 2170 398 2205 ⁶
425 2172 629 2231 donare
643 2168 862 2230 nesciet.
899 2167 1078 2248 stupra
1095 2189 1265 2244 nunc,
1284 2185 1338 2227 et
1354 2168 1566 2227 comcs·

376 2256 400 2294 ⁴
424 2258 686 2331 sationes,
701 2274 756 2316 et
773 2255 1365 2328 foeminarumcoetus,
1381 2255 1567 2314 volvit

379 2344 402 2379 θ
427 2346 647 2415 animm
673 2346 805 2402 haec
829 2343 1166 2419 principatus
1200 2342 1436 2419 praemia
1459 2361 1565 2420 pu-

303 2448 307 2452 ·
383 2426 404 2466 ⁸
428 2444 531 2504 tat,
555 2449 789 2509 quorum
816 2427 989 2486 libido
1012 2447 1074 2484 ac
1095 2427 1369 2506 voluptati,
1396 2446 1568 2505 penes

381 2512 605 2597 fipsum
640 2514 734 2591 fit3
783 2513 952 2574 rubor
988 2533 1052 2575 ac
1089 2512 1358 2589 dedecus,
1397 2531 1566 2594 penes
