1759 2975
376 126 499 187 144
598 124 662 167 c-
698 121 1084 166 coxxl-:Lu
1123 120 1411 163 'rAcr‘rt

363 213 584 295 gravius
604 224 768 289 atque
791 208 1030 266 atrocius
1048 247 1068 279 ,
1105 224 1271 283 quem
1298 203 1447 261 bello
1471 200 1560 260 af-

364 300 665 357 flietabatur
693 318 712 366 3
760 290 977 373 disperfi
1016 308 1113 369 per
1150 291 1452 367 municipia
1497 302 1563 345 et

366 384 615 442 colonias
633 379 937 446 Vitelliani,
975 375 1219 455 spoliare,
1257 391 1468 455 rapere,
1491 373 1560 430 vi

361 483 419 527 et
452 467 646 546 stupris
682 465 952 545 polluere,
983 465 1045 521 in
1073 481 1243 522 omne
1275 460 1357 519 fas
1382 455 1561 517 nefas·-

365 573 474 634 que
497 552 668 624 avidi,
704 567 768 609 ut
791 548 1036 622 venales,
1072 568 1192 606 non
1217 545 1391 619 sacro,
1432 562 1560 603 non

366 636 990 720 profano¹abstinebann
1049 649 1107 691 et
1135 632 1286 691 fuere
1317 632 1416 709 qui
1445 629 1561 688 ini-

367 727 542 785 micos
564 722 691 782 suos
715 720 890 801 'speeie
907 719 1142 779 militum
1159 716 1557 777 interficerent.

370 809 580 892 ipsique
600 810 802 869 milites
826 808 1112 883 regionum
1128 804 1307 881 gnari,
1325 800 1561 860 refertos

369 917 559 976 agros,
573 895 715 955 dites
736 893 1019 967 dominos,
1036 894 1095 949 in
1118 889 1392 968 praedam,
1409 900 1503 944 aut
1518 882 1563 943 fi

372 994 735 1062 repugnatum
758 979 922 1051 foret,
942 978 1008 1038 ad
1029 975 1308 1036 excidium
1329 972 1562 1032 destina-

372 1071 508 1128 bant
529 1090 547 1124 ε
586 1066 851 1124 obnoxiis
893 1064 1148 1133 ducibus
1188 1076 1243 1117 et
1272 1059 1564 1138 prohibere

374 1171 494 1211 non
518 1148 652 1208 aufis
674 1171 692 1218 3
734 1149 922 1206 minus
944 1147 1203 1203 avaritiae
1223 1145 1284 1200 in
1302 1144 1562 1214 Caecina,

376 1236 500 1316 pius
530 1232 882 1294 ambitionisz
937 1229 1173 1301 Valen8‚
1205 1231 1277 1285 ob
1315 1226 1464 1285 lucra
1502 1245 1564 1285 et

377 1318 624 1402 quaestus
662 1315 903 1390 infamis,
937 1333 1118 1393 eoque
1156 1314 1360 1371 alienae
1395 1312 1563 1371 etiam

381 1407 570 1486 culpae
595 1401 967 1464 dissimulator.
1001 1398 1331 1479 jampridem
1353 1400 1562 1457 attritis

383 1494 570 1554 Italiae
587 1492 774 1564 rebus,
795 1503 1011 1548 tantum
1026 1487 1268 1566 peditum
1287 1487 1561 1563 equitum-

382 1601 515 1660 que,
535 1581 643 1647 vis,
681 1576 1013 1654 damnaque,
1039 1587 1095 1631 et
1119 1572 1374 1650 injuriae,
1406 1590 1564 1646 aegre

383 1667 782 1725 tolerabantur.
889 1662 1116 1719 Interim
1148 1657 1404 1715 Vitellius
1440 1658 1551 1715 vic·
1570 1659 1638 1716 57

382 1752 559 1810 toriae
585 1747 704 1807 suae
725 1742 962 1819 nescius,
999 1759 1062 1801 ut
1080 1743 1144 1802 ad
1168 1745 1440 1818 integrum
1452 1740 1562 1802 bel·

385 1836 526 1906 lum,
555 1832 787 1910 reliquas
803 1831 1112 1888 Germanici
1129 1830 1404 1886 exercitus
1421 1830 1563 1887 vires

385 1919 656 1978 trahebat.
704 1917 865 1994 pauci
881 1927 1131 1974 veterum
1150 1913 1383 1971 militum
1407 1915 1465 1970 in
1485 1914 1565 1970 hi·-

387 2005 572 2067 bernis
589 2000 782 2084 eelim,
799 1997 1058 2057 festinatis
1073 2018 1168 2076 per
1178 1997 1383 2056 Gallias
1395 1997 1569 2056 delec-

388 2091 561 2160 tibus,
581 2102 643 2145 ut
664 2086 1063 2144 remanentium
1087 2085 1367 2159 legionum
1394 2084 1570 2142 nomi·

396 2195 469 2234 na
497 2172 895 2252 supplerentur.
936 2190 1066 2229 cura
1085 2170 1232 2248 ripae
1248 2169 1571 2227 Hordeonio

394 2261 594 2321 Flacco
626 2255 891 2338 permiffa.
943 2254 1052 2333 ipse
1081 2275 1111 2311 e
1141 2255 1457 2311 Britannico
1480 2254 1572 2311 de-

390 2346 530 2405 lestu
549 2348 674 2402 ofto
690 2343 858 2402 millia
877 2340 970 2400 fibi
988 2340 1273 2416 adjunxit3
1304 2353 1360 2394 et
1374 2358 1572 2414 pauco·

387 2451 506 2513 qum
532 2429 740 2491 dierum
769 2430 878 2488 iter
910 2422 1214 2511 progress'us
1254 2424 1273 2455 ‘
1294 2420 1574 2505 prosperas
