1759 2975
396 130 518 197 190
619 98 1103 175 meonus‘rn
1139 129 1443 173 raet-rr

385 217 409 250 ⁴
433 215 760 282 vinciarum,
784 233 882 294 per
903 232 1043 294 quas
1059 211 1209 272 velut
1223 212 1437 272 alterius
1454 213 1576 274 bel-

388 308 409 337 ‘
429 303 474 363 li
490 299 687 365 molem
705 302 895 360 cieret.
942 303 1019 365 ita
1046 298 1242 361 salubri
1267 319 1442 369 mora,
1466 319 1575 375 nof
1616 327 1645 345 -·

385 388 409 423 ‘
432 407 528 446 vas
558 390 704 445 vires
727 383 930 457 affore,
952 402 1010 446 et
1034 384 1404 465 praesentibus
1433 385 1573 446 nihil
1662 428 1669 443 ,

391 476 414 508 ‘
436 474 793 554 periturum.'
865 472 955 532 Ad
970 491 1035 532 ea
1052 477 1337 532 Antonius
1359 475 1571 532 Primus
1602 497 1638 541 2

386 560 465 633 (is
486 560 780 620 acerrimus
795 559 923 618 belli
938 560 1282 633 concitator)
1318 560 1338 590 ‘
1355 558 1575 619 festina-

385 653 406 680 ‘
429 646 641 707 tionem
659 642 781 726 ipfis
792 646 1004 719 utilem,
1026 644 1259 705 Vitellio
1280 643 1575 707 exitiosam

388 741 409 768 ‘
431 732 697 805 disseruit,
734 730 857 811 plus
880 729 1193 807 socordiae,
1234 749 1398 809 quam
1428 731 1577 791 fidu·

386 821 410 856 ‘
434 823 567 889 ciac,
591 817 845 880 accessiffe
865 819 1181 887 νίἂοτὶδυε,
1211 837 1389 897 neque
1417 819 1576 879 enim

385 910 412 945 ⁸
436 909 496 968 in
515 907 797 989 procinctu
812 903 1061 967 eteassris
1071 907 1316 965 habitos:
1342 902 1438 984 per
1448 924 1575 967 om·

389 996 413 1031 ‘
436 997 531 1055 nia
555 995 747 1055 Italiae
775 994 1071 1072 municipia
1106 989 1333 1063 deficies,
1362 1006 1574 1051 tantum

388 1083 411 1115 ‘
434 1079 735 1159 hospitibus
751 1079 1101 1146 metuendos,
1113 1094 1327 1157 quanto
1338 1076 1573 1139 ferocius

387 1167 411 1202 ⁴
435 1181 564 1225 ante
585 1163 638 1223 se
657 1167 898 1242 egerint,
928 1179 1088 1223 tanto
1115 1164 1366 1241 cupidius
1389 1154 1576 1225 insoli-

373 1258 408 1295 -‘
442 1269 523 1312 tas
545 1250 859 1330 voluptates
881 1248 1127 1309 haufisse.
1174 1253 1330 1312 elren
1351 1269 1574 1331 quoque

387 1343 411 1374 ⁸
433 1359 497 1399 ac
521 1339 770 1408 theatris,
797 1351 854 1395 et
875 1337 1206 1396 amoenitate
1224 1339 1377 1397 urbis
1398 1337 1571 1397 emo]-

386 1427 408 1460 ‘
431 1426 696 1501 litos,aut
710 1423 1114 1484 valetudinibus
1129 1421 1309 1484 fess'os.
1359 1422 1447 1483 std
1477 1422 1572 1483 ad·

388 1516 410 1549 ‘
434 1514 554 1574 dito
580 1510 752 1593 spatio
775 1512 1076 1571 rediturum
1099 1526 1154 1571 et
1171 1514 1256 1570 his
1278 1513 1570 1572 roburme·

388 1602 411 1637 ‘
433 1601 707 1660 ditatione
732 1601 891 1669 belli;
937 1619 1037 1656 nec
1064 1598 1254 1677 procul
1278 1599 1569 1657 Get-inani-

387 1689 411 1721 ‘
434 1707 543 1755 am,
566 1686 711 1745 unde
730 1688 873 1744 vires
891 1707 908 1742 ε
955 1687 1294 1743 Britanniam
1321 1683 1463 1742 freto
1484 1683 1569 1742 di·

389 1775 411 1807 ‘
433 1774 591 1832 rimi:
618 1773 785 1849 juxta
807 1769 1036 1840 Gallias,
1062 1769 1479 1849 Hispaniasque,
1507 1790 1568 1827 u·

386 1861 408 1893 ‘
432 1860 675 1936 trimque
695 1860 870 1929 viros,
886 1875 1086 1932 equos,
1101 1859 1333 1916 tributae
1380 1855 1569 1935 ipsam-

387 1947 408 1979 ‘
433 1964 540 2023 que
563 1944 776 2003 Italiam
793 1957 848 2000 et
871 1962 1006 2020 opes
1033 1944 1181 2002 urbis
1200 1965 1219 2003 e
1264 1941 1377 2002 acfi
1399 1941 1569 2001 infer-

381 2032 405 2065 ‘
434 2052 492 2090 re
514 2048 663 2090 arma
685 2028 834 2088 ultro
853 2027 1052 2101 velint,
1070 2027 1440 2100 duaselaffes;
1471 2050 1569 2087 va-

385 2118 407 2151 ‘
428 2134 701 2195 tuumque
739 2114 1013 2192 Illyricum
1051 2134 1219 2174 mare.
1281 2116 1412 2195 quid
1450 2130 1568 2174 tum

390 2212 408 2238 ‘
433 2201 652 2263 claustra
702 2202 978 2260 montium
1021 2200 1312 2280 profutura
1348 2201 1371 2258 ?
1430 2202 1567 2278 quid

387 2300 405 2323 ⁴
428 2295 658 2349 tractum
676 2293 734 2347 in
751 2286 1002 2347 aestatem
1018 2287 1179 2347 aliam
1197 2286 1436 2346 bellum?
1463 2308 1566 2345 un-

385 2379 407 2409 ‘
432 2377 499 2434 de
529 2378 743 2436 interim
767 2376 1074 2454 pecuniam,
1102 2390 1157 2431 et
1186 2376 1564 2432 commeatus?

384 2464 407 2496 ‘
431 2466 568 2541 quin
597 2464 785 2543 potius
819 2481 889 2519 eo
922 2459 1038 2541 ipso
1077 2475 1379 2533 uterentur,
1414 2460 1569 2541 quod
