<?xml version="1.0" encoding="UTF-8"?>
<!DOCTYPE html PUBLIC "-//W3C//DTD XHTML 1.0 Transitional//EN"
    "http://www.w3.org/TR/xhtml1/DTD/xhtml1-transitional.dtd">
<html xmlns="http://www.w3.org/1999/xhtml" xml:lang="en" lang="en">
 <head>
  <title>
</title>
<meta http-equiv="Content-Type" content="text/html;charset=utf-8" />
  <meta name='ocr-system' content='tesseract 3.04.00' />
  <meta name='ocr-capabilities' content='ocr_page ocr_carea ocr_par ocr_line ocrx_word'/>
</head>
<body>
  <div class='ocr_page' id='page_1' title='image "./ccorneliitaciti04grongoog_0133.png"; bbox 0 0 1759 2975; ppageno 0'>
   <div class='ocr_carea' id='block_1_1' title="bbox 46 0 432 12">
    <p class='ocr_par' dir='ltr' id='par_1_1' title="bbox 46 0 432 12">
     <span class='ocr_line' id='line_1_1' title="bbox 46 0 432 12; baseline 0.003 -4"><span class='ocrx_word' id='word_1_1' title='bbox 46 0 225 8; x_wconf 73' lang='lat'><em>----———-—</em></span> <span class='ocrx_word' id='word_1_2' title='bbox 240 0 371 12; x_wconf 57' lang='grc' dir='ltr'>-Ἱν--υ-</span> <span class='ocrx_word' id='word_1_3' title='bbox 393 0 400 3; x_wconf 42' lang='grc' dir='ltr'><strong>Ἰ</strong></span> <span class='ocrx_word' id='word_1_4' title='bbox 413 0 432 5; x_wconf 71' lang='grc' dir='ltr'>Ἴ-</span> 
     </span>
    </p>
   </div>
   <div class='ocr_carea' id='block_1_2' title="bbox 329 179 1403 228">
    <p class='ocr_par' dir='ltr' id='par_1_2' title="bbox 329 179 1403 228">
     <span class='ocr_line' id='line_1_2' title="bbox 329 179 1403 228; baseline -0.007 0"><span class='ocrx_word' id='word_1_5' title='bbox 329 182 1189 228; x_wconf 23' lang='grc' dir='ltr'>ΗῙΕΤΟΚῙΑΑΚἩΜΒῙῊ.ῘῘ.</span> <span class='ocrx_word' id='word_1_6' title='bbox 1286 179 1403 223; x_wconf 80' lang='lat'>101</span> 
     </span>
    </p>
   </div>
   <div class='ocr_carea' id='block_1_3' title="bbox 142 259 1446 2502">
    <p class='ocr_par' dir='ltr' id='par_1_3' title="bbox 142 259 1446 2502">
     <span class='ocr_line' id='line_1_3' title="bbox 223 259 1412 345; baseline -0.008 -17"><span class='ocrx_word' id='word_1_7' title='bbox 223 267 541 328; x_wconf 84' lang='lat' dir='ltr'>maestitiam</span> <span class='ocrx_word' id='word_1_8' title='bbox 572 263 929 345; x_wconf 54' lang='lat' dir='ltr'>compostus,</span> <span class='ocrx_word' id='word_1_9' title='bbox 976 278 1031 321; x_wconf 87' lang='lat' dir='ltr'>et</span> <span class='ocrx_word' id='word_1_10' title='bbox 1059 263 1075 294; x_wconf 91' lang='lat'>‘</span> <span class='ocrx_word' id='word_1_11' title='bbox 1097 260 1256 320; x_wconf 88' lang='lat' dir='ltr'>fidem</span> <span class='ocrx_word' id='word_1_12' title='bbox 1284 259 1412 319; x_wconf 89' lang='lat' dir='ltr'>suo-</span> 
     </span>
     <span class='ocr_line' id='line_1_4' title="bbox 223 351 1407 431; baseline -0.008 -18"><span class='ocrx_word' id='word_1_13' title='bbox 223 356 245 386; x_wconf 87' lang='lat'>‘</span> <span class='ocrx_word' id='word_1_14' title='bbox 268 376 390 413; x_wconf 88' lang='lat' dir='ltr'>rum</span> <span class='ocrx_word' id='word_1_15' title='bbox 409 351 691 431; x_wconf 87' lang='lat' dir='ltr'>quondam</span> <span class='ocrx_word' id='word_1_16' title='bbox 715 351 947 409; x_wconf 86' lang='lat' dir='ltr'>militum</span> <span class='ocrx_word' id='word_1_17' title='bbox 965 352 1251 423; x_wconf 78' lang='lat' dir='ltr'>invocans,</span> <span class='ocrx_word' id='word_1_18' title='bbox 1271 361 1333 405; x_wconf 90' lang='lat' dir='ltr'>ut</span> <span class='ocrx_word' id='word_1_19' title='bbox 1351 368 1407 404; x_wconf 90' lang='lat' dir='ltr'>e-</span> 
     </span>
     <span class='ocr_line' id='line_1_5' title="bbox 225 433 1410 515; baseline -0.006 -17"><span class='ocrx_word' id='word_1_20' title='bbox 225 439 247 472; x_wconf 86' lang='lat'>‘</span> <span class='ocrx_word' id='word_1_21' title='bbox 273 460 370 497; x_wconf 88' lang='lat' dir='ltr'>um</span> <span class='ocrx_word' id='word_1_22' title='bbox 395 441 456 497; x_wconf 86' lang='lat' dir='ltr'>in</span> <span class='ocrx_word' id='word_1_23' title='bbox 475 440 646 515; x_wconf 87' lang='lat' dir='ltr'>Syria,</span> <span class='ocrx_word' id='word_1_24' title='bbox 665 453 755 495; x_wconf 86' lang='lat' dir='ltr'>aut</span> <span class='ocrx_word' id='word_1_25' title='bbox 773 444 1027 514; x_wconf 84' lang='lat' dir='ltr'>Aegypto</span> <span class='ocrx_word' id='word_1_26' title='bbox 1051 434 1307 494; x_wconf 83' lang='lat' dir='ltr'>fisterent&#39;</span> <span class='ocrx_word' id='word_1_27' title='bbox 1346 433 1410 491; x_wconf 79' lang='lat' dir='ltr'>o‘-</span> 
     </span>
     <span class='ocr_line' id='line_1_6' title="bbox 227 519 1413 594; baseline -0.004 -11"><span class='ocrx_word' id='word_1_28' title='bbox 227 527 405 583; x_wconf 75' lang='lat' dir='ltr'>rabat.</span> <span class='ocrx_word' id='word_1_29' title='bbox 448 526 718 582; x_wconf 74' lang='lat' dir='ltr'>&#39;trierarchi</span> <span class='ocrx_word' id='word_1_30' title='bbox 734 539 990 583; x_wconf 86' lang='lat' dir='ltr'>nutantes</span> <span class='ocrx_word' id='word_1_31' title='bbox 999 567 1013 594; x_wconf 92' lang='lat'>‚</span> <span class='ocrx_word' id='word_1_32' title='bbox 1028 522 1115 580; x_wconf 89' lang='lat' dir='ltr'>seu</span> <span class='ocrx_word' id='word_1_33' title='bbox 1128 520 1280 594; x_wconf 80' lang='lat' dir='ltr'>dole,</span> <span class='ocrx_word' id='word_1_34' title='bbox 1300 519 1316 551; x_wconf 86' lang='lat'>‘</span> <span class='ocrx_word' id='word_1_35' title='bbox 1332 520 1413 578; x_wconf 87' lang='lat' dir='ltr'>al-</span> 
     </span>
     <span class='ocr_line' id='line_1_7' title="bbox 225 609 1414 687; baseline -0.003 -19"><span class='ocrx_word' id='word_1_36' title='bbox 225 612 246 643; x_wconf 84' lang='lat'>‘</span> <span class='ocrx_word' id='word_1_37' title='bbox 274 610 586 687; x_wconf 79' lang='lat' dir='ltr'>loquendus</span> <span class='ocrx_word' id='word_1_38' title='bbox 613 609 704 669; x_wconf 86' lang='lat' dir='ltr'>fibi</span> <span class='ocrx_word' id='word_1_39' title='bbox 728 611 951 677; x_wconf 72' lang='lat' dir='ltr'>militer„</span> <span class='ocrx_word' id='word_1_40' title='bbox 986 625 1037 667; x_wconf 89' lang='lat' dir='ltr'>et</span> <span class='ocrx_word' id='word_1_41' title='bbox 1065 609 1264 685; x_wconf 83' lang='lat' dir='ltr'>paratis</span> <span class='ocrx_word' id='word_1_42' title='bbox 1290 626 1414 666; x_wconf 77' lang='lat' dir='ltr'>om-</span> 
     </span>
     <span class='ocr_line' id='line_1_8' title="bbox 224 695 1407 757; baseline 0 -3"><span class='ocrx_word' id='word_1_43' title='bbox 224 695 247 728; x_wconf 85' lang='lat'>‘</span> <span class='ocrx_word' id='word_1_44' title='bbox 268 700 418 755; x_wconf 84' lang='lat' dir='ltr'>nium</span> <span class='ocrx_word' id='word_1_45' title='bbox 444 700 643 756; x_wconf 86' lang='lat' dir='ltr'>animis</span> <span class='ocrx_word' id='word_1_46' title='bbox 666 697 1003 757; x_wconf 84' lang='lat' dir='ltr'>reversuros’</span> <span class='ocrx_word' id='word_1_47' title='bbox 1028 695 1407 754; x_wconf 82' lang='lat' dir='ltr'>firmaverunt.</span> 
     </span>
     <span class='ocr_line' id='line_1_9' title="bbox 220 780 1406 863; baseline -0.005 -21"><span class='ocrx_word' id='word_1_48' title='bbox 220 781 311 843; x_wconf 84' lang='lat' dir='ltr'>sed</span> <span class='ocrx_word' id='word_1_49' title='bbox 339 783 632 863; x_wconf 82' lang='lat' dir='ltr'>Asprenati</span> <span class='ocrx_word' id='word_1_50' title='bbox 657 789 852 843; x_wconf 63' lang='lat' dir='ltr'>cuncta</span> <span class='ocrx_word' id='word_1_51' title='bbox 881 803 955 840; x_wconf 84' lang='lat' dir='ltr'>ex</span> <span class='ocrx_word' id='word_1_52' title='bbox 985 780 1091 839; x_wconf 82' lang='lat' dir='ltr'>fide</span> <span class='ocrx_word' id='word_1_53' title='bbox 1115 783 1406 852; x_wconf 77' lang='lat' dir='ltr'>nuntiata3</span> 
     </span>
     <span class='ocr_line' id='line_1_10' title="bbox 219 868 1419 946; baseline -0.003 -18"><span class='ocrx_word' id='word_1_54' title='bbox 219 870 383 946; x_wconf 77' lang='lat' dir='ltr'>cujus</span> <span class='ocrx_word' id='word_1_55' title='bbox 409 872 796 927; x_wconf 74' lang='lat' dir='ltr'>cohortatione</span> <span class='ocrx_word' id='word_1_56' title='bbox 812 883 1126 944; x_wconf 83' lang='lat' dir='ltr'>expugnata</span> <span class='ocrx_word' id='word_1_57' title='bbox 1150 868 1335 936; x_wconf 77' lang='lat' dir='ltr'>navis,</span> <span class='ocrx_word' id='word_1_58' title='bbox 1359 880 1419 924; x_wconf 88' lang='lat' dir='ltr'>et</span> 
     </span>
     <span class='ocr_line' id='line_1_11' title="bbox 221 952 1414 1030; baseline -0.004 -18"><span class='ocrx_word' id='word_1_59' title='bbox 221 954 548 1012; x_wconf 69' lang='lat' dir='ltr'>interfectus</span> <span class='ocrx_word' id='word_1_60' title='bbox 565 954 808 1030; x_wconf 82' lang='lat' dir='ltr'>quisquis</span> <span class='ocrx_word' id='word_1_61' title='bbox 826 952 916 1009; x_wconf 88' lang='lat' dir='ltr'>ille</span> <span class='ocrx_word' id='word_1_62' title='bbox 931 964 1066 1008; x_wconf 86' lang='lat' dir='ltr'>erat.</span> <span class='ocrx_word' id='word_1_63' title='bbox 1114 970 1314 1028; x_wconf 86' lang='lat' dir='ltr'>corpus</span> <span class='ocrx_word' id='word_1_64' title='bbox 1331 953 1414 1008; x_wconf 84' lang='lat' dir='ltr'>in·</span> 
     </span>
     <span class='ocr_line' id='line_1_12' title="bbox 222 1036 1412 1116; baseline -0.003 -18"><span class='ocrx_word' id='word_1_65' title='bbox 222 1037 375 1115; x_wconf 83' lang='lat' dir='ltr'>figne</span> <span class='ocrx_word' id='word_1_66' title='bbox 387 1038 567 1097; x_wconf 79' lang='lat' dir='ltr'>oculis</span> <span class='ocrx_word' id='word_1_67' title='bbox 585 1052 915 1116; x_wconf 83' lang='lat' dir='ltr'>comaqueet</span> <span class='ocrx_word' id='word_1_68' title='bbox 932 1038 1189 1095; x_wconf 83' lang='lat' dir='ltr'>torvitate</span> <span class='ocrx_word' id='word_1_69' title='bbox 1205 1036 1412 1110; x_wconf 84' lang='lat' dir='ltr'>vultus,</span> 
     </span>
     <span class='ocr_line' id='line_1_13' title="bbox 223 1123 1446 1203; baseline 0.001 -21"><span class='ocrx_word' id='word_1_70' title='bbox 223 1126 283 1184; x_wconf 88' lang='lat' dir='ltr'>in</span> <span class='ocrx_word' id='word_1_71' title='bbox 306 1123 508 1199; x_wconf 79' lang='lat' dir='ltr'>Aliam,</span> <span class='ocrx_word' id='word_1_72' title='bbox 526 1141 695 1203; x_wconf 87' lang='lat' dir='ltr'>atque</span> <span class='ocrx_word' id='word_1_73' title='bbox 710 1125 835 1184; x_wconf 82' lang='lat' dir='ltr'>ifide</span> <span class='ocrx_word' id='word_1_74' title='bbox 848 1130 1078 1183; x_wconf 85' lang='lat' dir='ltr'>Romam</span> <span class='ocrx_word' id='word_1_75' title='bbox 1099 1128 1411 1202; x_wconf 64' lang='lat' dir='ltr'>pervectum</span> <span class='ocrx_word' id='word_1_76' title='bbox 1437 1166 1446 1170; x_wconf 90' lang='lat'><em>-</em></span> 
     </span>
     <span class='ocr_line' id='line_1_14' title="bbox 145 1209 1405 1283; baseline -0.002 -11"><span class='ocrx_word' id='word_1_77' title='bbox 145 1209 325 1272; x_wconf 74' lang='lat' dir='ltr'>locst.</span> <span class='ocrx_word' id='word_1_78' title='bbox 396 1220 461 1271; x_wconf 89' lang='lat' dir='ltr'>In</span> <span class='ocrx_word' id='word_1_79' title='bbox 489 1214 711 1272; x_wconf 85' lang='lat' dir='ltr'>civitate</span> <span class='ocrx_word' id='word_1_80' title='bbox 734 1210 992 1283; x_wconf 81' lang='lat' dir='ltr'>discordi,</span> <span class='ocrx_word' id='word_1_81' title='bbox 1017 1227 1073 1270; x_wconf 89' lang='lat' dir='ltr'>et</span> <span class='ocrx_word' id='word_1_82' title='bbox 1090 1213 1163 1269; x_wconf 93' lang='lat' dir='ltr'>ob</span> <span class='ocrx_word' id='word_1_83' title='bbox 1185 1212 1405 1271; x_wconf 70' lang='lat' dir='ltr'>crebras</span> 
     </span>
     <span class='ocr_line' id='line_1_15' title="bbox 219 1298 1407 1378; baseline 0.001 -22"><span class='ocrx_word' id='word_1_84' title='bbox 219 1301 528 1378; x_wconf 82' lang='lat' dir='ltr'>principum</span> <span class='ocrx_word' id='word_1_85' title='bbox 561 1300 895 1358; x_wconf 79' lang='lat' dir='ltr'>mutationes</span> <span class='ocrx_word' id='word_1_86' title='bbox 927 1301 1073 1357; x_wconf 86' lang='lat' dir='ltr'>inter</span> <span class='ocrx_word' id='word_1_87' title='bbox 1094 1298 1407 1358; x_wconf 83' lang='lat' dir='ltr'>libertatem</span> 
     </span>
     <span class='ocr_line' id='line_1_16' title="bbox 217 1387 1404 1463; baseline -0.001 -19"><span class='ocrx_word' id='word_1_88' title='bbox 217 1405 280 1445; x_wconf 80' lang='lat' dir='ltr'>ac</span> <span class='ocrx_word' id='word_1_89' title='bbox 303 1387 578 1444; x_wconf 84' lang='lat' dir='ltr'>licentiam</span> <span class='ocrx_word' id='word_1_90' title='bbox 605 1388 828 1459; x_wconf 86' lang='lat' dir='ltr'>incerta,</span> <span class='ocrx_word' id='word_1_91' title='bbox 859 1406 1057 1463; x_wconf 81' lang='lat' dir='ltr'>parvae</span> <span class='ocrx_word' id='word_1_92' title='bbox 1076 1404 1298 1463; x_wconf 91' lang='lat' dir='ltr'>quoque</span> <span class='ocrx_word' id='word_1_93' title='bbox 1316 1404 1404 1443; x_wconf 71' lang='lat' dir='ltr'>reo</span> 
     </span>
     <span class='ocr_line' id='line_1_17' title="bbox 142 1469 1405 1551; baseline -0.001 -22"><span class='ocrx_word' id='word_1_94' title='bbox 142 1521 150 1529; x_wconf 85' lang='grc'>,</span> <span class='ocrx_word' id='word_1_95' title='bbox 216 1474 434 1549; x_wconf 83' lang='lat' dir='ltr'>magnis</span> <span class='ocrx_word' id='word_1_96' title='bbox 447 1474 689 1530; x_wconf 84' lang='lat' dir='ltr'>motibus</span> <span class='ocrx_word' id='word_1_97' title='bbox 704 1474 1024 1547; x_wconf 81' lang='lat' dir='ltr'><strong>agebantur.</strong></span> <span class='ocrx_word' id='word_1_98' title='bbox 1046 1474 1245 1551; x_wconf 78' lang='lat' dir='ltr'>Vibius</span> <span class='ocrx_word' id='word_1_99' title='bbox 1257 1469 1405 1529; x_wconf 79' lang='lat' dir='ltr'>Cris-</span> 
     </span>
     <span class='ocr_line' id='line_1_18' title="bbox 216 1556 1408 1638; baseline -0.002 -22"><span class='ocrx_word' id='word_1_100' title='bbox 216 1579 323 1638; x_wconf 74' lang='lat' dir='ltr'>pus</span> <span class='ocrx_word' id='word_1_101' title='bbox 341 1561 595 1634; x_wconf 86' lang='lat' dir='ltr'>pecunia,</span> <span class='ocrx_word' id='word_1_102' title='bbox 614 1560 881 1636; x_wconf 85' lang='lat' dir='ltr'>potentia,</span> <span class='ocrx_word' id='word_1_103' title='bbox 900 1560 955 1614; x_wconf 88' lang='lat' dir='ltr'>in</span> <span class='ocrx_word' id='word_1_104' title='bbox 962 1559 1126 1632; x_wconf 84' lang='lat' dir='ltr'>genio</span> <span class='ocrx_word' id='word_1_105' title='bbox 1141 1560 1282 1615; x_wconf 86' lang='lat' dir='ltr'>inter</span> <span class='ocrx_word' id='word_1_106' title='bbox 1297 1556 1408 1614; x_wconf 79' lang='lat' dir='ltr'>cla-</span> 
     </span>
     <span class='ocr_line' id='line_1_19' title="bbox 217 1644 1405 1720; baseline 0 -17"><span class='ocrx_word' id='word_1_107' title='bbox 217 1664 316 1703; x_wconf 79' lang='lat' dir='ltr'>ros</span> <span class='ocrx_word' id='word_1_108' title='bbox 341 1646 513 1719; x_wconf 84' lang='lat' dir='ltr'>magis</span> <span class='ocrx_word' id='word_1_109' title='bbox 547 1662 708 1720; x_wconf 87' lang='lat' dir='ltr'>quam</span> <span class='ocrx_word' id='word_1_110' title='bbox 740 1645 887 1701; x_wconf 86' lang='lat' dir='ltr'>inter</span> <span class='ocrx_word' id='word_1_111' title='bbox 917 1645 1125 1717; x_wconf 84' lang='lat' dir='ltr'>bonos,</span> <span class='ocrx_word' id='word_1_112' title='bbox 1158 1644 1405 1703; x_wconf 85' lang='lat' dir='ltr'>Annium</span> 
     </span>
     <span class='ocr_line' id='line_1_20' title="bbox 216 1728 1410 1809; baseline -0.003 -20"><span class='ocrx_word' id='word_1_113' title='bbox 216 1728 469 1796; x_wconf 85' lang='lat' dir='ltr'>Faustum</span> <span class='ocrx_word' id='word_1_114' title='bbox 499 1729 755 1808; x_wconf 80' lang='lat' dir='ltr'>equestris</span> <span class='ocrx_word' id='word_1_115' title='bbox 783 1729 996 1788; x_wconf 79' lang='lat' dir='ltr'>ordinis</span> <span class='ocrx_word' id='word_1_116' title='bbox 1014 1772 1030 1798; x_wconf 92' lang='lat'>‚</span> <span class='ocrx_word' id='word_1_117' title='bbox 1069 1731 1165 1808; x_wconf 93' lang='lat' dir='ltr'>qui</span> <span class='ocrx_word' id='word_1_118' title='bbox 1195 1745 1410 1809; x_wconf 86' lang='lat' dir='ltr'>tempo-.</span> 
     </span>
     <span class='ocr_line' id='line_1_21' title="bbox 217 1816 1403 1893; baseline 0 -17"><span class='ocrx_word' id='word_1_119' title='bbox 217 1818 369 1877; x_wconf 76' lang='lat' dir='ltr'>ribus</span> <span class='ocrx_word' id='word_1_120' title='bbox 404 1818 645 1876; x_wconf 83' lang='lat' dir='ltr'>Neronis</span> <span class='ocrx_word' id='word_1_121' title='bbox 686 1816 991 1877; x_wconf 81' lang='lat' dir='ltr'>delationes</span> <span class='ocrx_word' id='word_1_122' title='bbox 1029 1818 1403 1893; x_wconf 65' lang='lat' dir='ltr'>factitaverat,</span> 
     </span>
     <span class='ocr_line' id='line_1_22' title="bbox 217 1902 1400 1981; baseline 0.005 -18"><span class='ocrx_word' id='word_1_123' title='bbox 217 1902 284 1963; x_wconf 82' lang='lat' dir='ltr'>ad</span> <span class='ocrx_word' id='word_1_124' title='bbox 313 1905 693 1981; x_wconf 86' lang='lat' dir='ltr'>cognitionem</span> <span class='ocrx_word' id='word_1_125' title='bbox 721 1902 934 1963; x_wconf 85' lang='lat' dir='ltr'>senatus</span> <span class='ocrx_word' id='word_1_126' title='bbox 968 1905 1220 1969; x_wconf 73' lang='lat' dir='ltr'>vocabat.</span> <span class='ocrx_word' id='word_1_127' title='bbox 1270 1927 1400 1969; x_wconf 87' lang='lat' dir='ltr'>nam</span> 
     </span>
     <span class='ocr_line' id='line_1_23' title="bbox 164 1990 1400 2074; baseline 0.006 -29"><span class='ocrx_word' id='word_1_128' title='bbox 164 2040 168 2045; x_wconf 86' lang='lat'>.</span> <span class='ocrx_word' id='word_1_129' title='bbox 206 2010 408 2050; x_wconf 79' lang='lat' dir='ltr'>-recens</span> <span class='ocrx_word' id='word_1_130' title='bbox 427 1990 629 2050; x_wconf 83' lang='lat' dir='ltr'>Galbae</span> <span class='ocrx_word' id='word_1_131' title='bbox 646 1992 953 2071; x_wconf 78' lang='lat' dir='ltr'>principatu</span> <span class='ocrx_word' id='word_1_132' title='bbox 972 1990 1285 2052; x_wconf 80' lang='lat' dir='ltr'>censuerant</span> <span class='ocrx_word' id='word_1_133' title='bbox 1304 2016 1400 2074; x_wconf 83' lang='lat' dir='ltr'>pa-</span> 
     </span>
     <span class='ocr_line' id='line_1_24' title="bbox 215 2074 1400 2148; baseline 0.004 -14"><span class='ocrx_word' id='word_1_134' title='bbox 215 2090 348 2148; x_wconf 81' lang='lat' dir='ltr'>tres,</span> <span class='ocrx_word' id='word_1_135' title='bbox 387 2078 404 2107; x_wconf 87' lang='lat'>‘</span> <span class='ocrx_word' id='word_1_136' title='bbox 421 2092 481 2135; x_wconf 88' lang='lat' dir='ltr'>ut</span> <span class='ocrx_word' id='word_1_137' title='bbox 503 2074 870 2136; x_wconf 85' lang='lat' dir='ltr'>accusatorum</span> <span class='ocrx_word' id='word_1_138' title='bbox 887 2077 1090 2139; x_wconf 79' lang='lat' dir='ltr'>cauffae</span> <span class='ocrx_word' id='word_1_139' title='bbox 1111 2079 1400 2139; x_wconf 88' lang='lat' dir='ltr'>nosceren-</span> 
     </span>
     <span class='ocr_line' id='line_1_25' title="bbox 215 2161 1398 2243; baseline 0.004 -23"><span class='ocrx_word' id='word_1_140' title='bbox 215 2167 233 2195; x_wconf 86' lang='lat'>‘</span> <span class='ocrx_word' id='word_1_141' title='bbox 260 2164 393 2222; x_wconf 88' lang='lat' dir='ltr'>tur.&#39;</span> <span class='ocrx_word' id='word_1_142' title='bbox 439 2163 491 2221; x_wconf 90' lang='lat' dir='ltr'>id</span> <span class='ocrx_word' id='word_1_143' title='bbox 525 2161 1035 2225; x_wconf 80' lang='lat' dir='ltr'>senatusconsultum</span> <span class='ocrx_word' id='word_1_144' title='bbox 1059 2168 1208 2227; x_wconf 80' lang='lat' dir='ltr'>varie</span> <span class='ocrx_word' id='word_1_145' title='bbox 1224 2168 1398 2243; x_wconf 66' lang='lat' dir='ltr'>jadia-</span> 
     </span>
     <span class='ocr_line' id='line_1_26' title="bbox 216 2251 1397 2332; baseline 0.003 -26"><span class='ocrx_word' id='word_1_146' title='bbox 216 2262 354 2318; x_wconf 75' lang='lat' dir='ltr'>tum,</span> <span class='ocrx_word' id='word_1_147' title='bbox 377 2263 430 2307; x_wconf 88' lang='lat' dir='ltr'>et</span> <span class='ocrx_word' id='word_1_148' title='bbox 457 2265 619 2327; x_wconf 83' lang='lat' dir='ltr'>prout</span> <span class='ocrx_word' id='word_1_149' title='bbox 643 2264 842 2328; x_wconf 85' lang='lat' dir='ltr'>potens</span> <span class='ocrx_word' id='word_1_150' title='bbox 867 2251 953 2309; x_wconf 91' lang='lat' dir='ltr'>vel</span> <span class='ocrx_word' id='word_1_151' title='bbox 981 2255 1144 2332; x_wconf 81' lang='lat' dir='ltr'>inops</span> <span class='ocrx_word' id='word_1_152' title='bbox 1171 2275 1292 2313; x_wconf 86' lang='lat' dir='ltr'>reus</span> <span class='ocrx_word' id='word_1_153' title='bbox 1312 2255 1397 2310; x_wconf 89' lang='lat' dir='ltr'>in-</span> 
     </span>
     <span class='ocr_line' id='line_1_27' title="bbox 215 2335 1398 2409; baseline 0.003 -17"><span class='ocrx_word' id='word_1_154' title='bbox 215 2335 435 2406; x_wconf 80' lang='lat' dir='ltr'>ciderat,</span> <span class='ocrx_word' id='word_1_155' title='bbox 466 2336 737 2395; x_wconf 77' lang='lat' dir='ltr'>infirmnm</span> <span class='ocrx_word' id='word_1_156' title='bbox 764 2353 855 2396; x_wconf 87' lang='lat' dir='ltr'>aut</span> <span class='ocrx_word' id='word_1_157' title='bbox 887 2338 1151 2409; x_wconf 85' lang='lat' dir='ltr'>validum,</span> <span class='ocrx_word' id='word_1_158' title='bbox 1192 2343 1398 2397; x_wconf 86' lang='lat' dir='ltr'>retine-</span> 
     </span>
     <span class='ocr_line' id='line_1_28' title="bbox 215 2421 1396 2502; baseline 0 -23"><span class='ocrx_word' id='word_1_159' title='bbox 215 2421 388 2479; x_wconf 87' lang='lat' dir='ltr'>batur.</span> <span class='ocrx_word' id='word_1_160' title='bbox 417 2421 481 2479; x_wconf 89' lang='lat' dir='ltr'>ad</span> <span class='ocrx_word' id='word_1_161' title='bbox 498 2424 627 2481; x_wconf 81' lang='lat' dir='ltr'>haec</span> <span class='ocrx_word' id='word_1_162' title='bbox 645 2439 849 2483; x_wconf 82' lang='lat' dir='ltr'>terrore</span> <span class='ocrx_word' id='word_1_163' title='bbox 866 2441 920 2482; x_wconf 91' lang='lat' dir='ltr'>et</span> <span class='ocrx_word' id='word_1_164' title='bbox 940 2427 1159 2502; x_wconf 79' lang='lat' dir='ltr'>propria</span> <span class='ocrx_word' id='word_1_165' title='bbox 1176 2426 1234 2482; x_wconf 86' lang='lat' dir='ltr'>vi</span> <span class='ocrx_word' id='word_1_166' title='bbox 1255 2422 1396 2480; x_wconf 81' lang='lat' dir='ltr'>Cris-</span> 
     </span>
    </p>
   </div>
   <div class='ocr_carea' id='block_1_4' title="bbox 213 2508 1397 2674">
    <p class='ocr_par' dir='ltr' id='par_1_4' title="bbox 213 2508 1397 2674">
     <span class='ocr_line' id='line_1_29' title="bbox 213 2508 1397 2590; baseline 0.006 -27"><span class='ocrx_word' id='word_1_167' title='bbox 213 2511 315 2587; x_wconf 74' lang='lat' dir='ltr'>pu&#39;s</span> <span class='ocrx_word' id='word_1_168' title='bbox 331 2510 649 2569; x_wconf 85' lang='lat' dir='ltr'>incubuerat</span> <span class='ocrx_word' id='word_1_169' title='bbox 661 2508 962 2571; x_wconf 84' lang='lat' dir='ltr'>delatorem</span> <span class='ocrx_word' id='word_1_170' title='bbox 980 2511 1159 2570; x_wconf 80' lang='lat' dir='ltr'>fratris</span> <span class='ocrx_word' id='word_1_171' title='bbox 1180 2508 1257 2569; x_wconf 82' lang='lat' dir='ltr'>sui</span> <span class='ocrx_word' id='word_1_172' title='bbox 1275 2529 1397 2590; x_wconf 79' lang='lat' dir='ltr'>per·</span> 
     </span>
     <span class='ocr_line' id='line_1_30' title="bbox 725 2601 851 2674; baseline 0.008 -1"><span class='ocrx_word' id='word_1_173' title='bbox 725 2601 772 2654; x_wconf 77' lang='grc' dir='ltr'>Ε</span> <span class='ocrx_word' id='word_1_174' title='bbox 820 2613 851 2674; x_wconf 82' lang='lat'><em>3</em></span> 
     </span>
    </p>
   </div>
  </div>
 </body>
</html>
