1759 2975
329 112 450 190 184
550 127 1371 174 C.CORNBL11·1·A01T1

318 214 445 272 dam
471 217 797 270 Cremonam
821 208 1123 289 praemifit3
1172 231 1308 269 mox
1329 209 1506 270 vexil-

318 299 435 359 larii
448 296 991 377 quartaedecimae,et
1004 296 1417 357 sextaedecimae
1426 295 1506 356 le-

316 388 580 462 gionum;
627 383 754 442 dein
773 385 990 462 quinta,
1016 402 1069 440 et
1084 382 1507 444 duoetvicefima

318 470 560 530 secutaet
607 469 876 548 postremo
904 472 1120 546 agmine
1151 470 1500 530 unaetvicefi-

321 577 411 616 ma
444 562 661 636 Rapax,
702 572 757 614 et
794 558 970 635 prima
1011 554 1194 613 Italica
1230 555 1504 627 incess'ere,

320 665 447 703 cum
471 641 769 702 vexillariis
792 645 954 701 trium
974 644 1405 702 Britannicarum
1426 646 1529 703 le··

321 733 582 807 gionum,
636 745 690 787 et
726 730 908 787 electis
949 727 1191 786 auxiliis.
1253 728 1503 807 profecto

322 820 582 889 Caecina,
620 812 822 890 scripsit
846 816 1043 872 Fabius
1063 814 1270 873 Valens
1292 818 1504 876 exerci-

321 906 427 978 tui,
457 921 620 980 quem
644 899 750 980 ipse
774 901 1108 972 dufiaverat,
1133 903 1149 931 ‘
1172 916 1229 959 ut
1253 903 1308 959 in
1337 904 1503 961 itine·
1578 955 1587 962 .

320 990 339 1021 ‘
368 1009 425 1048 re
453 991 833 1067 opperire-tum
886 985 954 1044 fic
992 986 1083 1045 fibi
1115 1007 1238 1045 curn
1270 990 1506 1049 Caecina

323 1076 344 1107 ‘
363 1073 705 1132 convenisset
726 1077 740 1100 ’
772 1074 867 1150 qui
901 1071 1169 1150 praesens,
1201 1094 1375 1152 eoque
1408 1095 1506 1134 va-

320 1159 506 1226 lidior,
539 1161 919 1215 ‘immutatum
938 1156 989 1214 id
1012 1158 1299 1229 confilium
1316 1158 1506 1235 finxit,

319 1244 341 1276 ‘
368 1260 427 1302 ut
454 1245 733 1320 ingruenti
764 1243 907 1301 bello
933 1258 1053 1302 tota
1084 1244 1229 1303 mole
1256 1266 1508 1306 occurre·

321 1333 338 1362 ‘
366 1346 534 1389 retur.
580 1332 658 1387 ita
679 1328 978 1389 accelerare
1004 1331 1250 1407 legiones
1276 1338 1507 1405 Cremo·

320 1423 337 1450 ‘
366 1437 514 1486 nam,
560 1436 682 1496 pars
720 1413 1003 1476 Hostiliam
1047 1421 1255 1495 petere’
1287 1418 1458 1496 jussae
1483 1442 1502 1479 ε

320 1503 431 1583 ipse
448 1509 769 1563 Ravennam
788 1504 1043 1573 devertit,
1068 1523 1353 1580 praetexto
1368 1503 1504 1566 clas·

322 1590 428 1651 sem
456 1589 769 1669 alloquendi
793 1613 812 1663 ς
847 1611 980 1648 mox
1007 1594 1212 1650 Patavii
1238 1590 1503 1654 secretum

321 1678 738 1755 componendae
787 1678 1120 1755 prodi-tionis
1175 1676 1499 1755 qnaesstum.

320 1784 558 1841 namque
581 1762 824 1820 Lucilius
848 1761 1035 1820 Bassus
1062 1761 1178 1839 post
1201 1764 1502 1843 praefeflu·

319 1869 431 1908 ram
457 1849 589 1920 alae,
613 1851 924 1906 Ravennati
950 1847 1102 1907 stmul
1124 1871 1185 1909 ac
1212 1849 1502 1913 Misenenfi

315 1934 555 1994 clastibus
573 1955 602 1991 a
615 1933 839 1992 Vitellio
856 1934 1206 2012 praeposituS‚
1218 1937 1372 2013 quod
1385 1959 1500 1998 non

215 2077 232 2094 ,
315 2020 487 2081 statim
504 2018 886 2095 praestituram
906 2025 1159 2097 praetorii
1174 2024 1498 2101 adeptusso·

315 2122 422 2178 ret,
440 2106 683 2183 iniquam
701 2106 1038 2165 iracundiam
1065 2106 1320 2184 flagitiosa
1338 2109 1495 2188 perfi-

314 2193 403 2253 dia
436 2189 820 2263 ulciscebatur3
862 2213 967 2251 nec
1000 2191 1116 2250 sciri
1149 2195 1345 2273 potest,
1382 2212 1494 2255 tra-

313 2281 531 2340 xeritne
562 2282 875 2350 Caecinam,
904 2300 973 2337 an
998 2278 1177 2357 (quod
1194 2285 1380 2339 evenit
1407 2285 1492 2340 in·

312 2382 400 2423 ter
424 2364 622 2435 malos»,
647 2379 778 2422 utet
795 2363 989 2423 fimiles
1005 2364 1136 2440 (int)
1159 2368 1344 2426 eadem
1369 2369 1491 2429 illos

310 2453 555 2528 pravitas
577 2448 874 2529 impulerit.
943 2453 1246 2532 Scriptores
1267 2470 1485 2537 tempo-
1504 2483 1581 2522 101
