1759 2975
354 137 949 181 υιετοκιΑιυΜ
983 138 1226 179 timu.
1325 133 1445 193 107
1513 135 1519 140 ·

251 236 540 281 venerunt.
585 242 650 279 ac
677 219 831 279 velut
854 221 1025 299 pactis
1050 218 1327 293 induciis,
1366 235 1441 277 ne

249 309 384 367 hinc
411 305 608 377 classis,
636 306 764 390 inde
800 325 966 383 eques
991 303 1216 364 subitam
1246 304 1440 365 formi-

249 393 439 451 dinem
464 390 751 460 inferrent,
784 392 1065 449 Vitelliani
1094 407 1244 451 retro
1269 393 1438 450 Anti-

250 478 427 554 polim
443 476 812 538 Narbonensis
826 478 1032 536 Galliae
1042 478 1402 556 municipium
1415 499 1436 551 ς

252 564 557 622 Othoniani
585 564 999 642 Albingaunum
1030 566 1312 624 interioris
1337 565 1433 622 Li·

167 662 246 722 16
257 650 441 726 gutiae
474 666 762 709 revertere.
855 648 1131 721 Corficam
1165 670 1231 708 ac
1253 651 1432 712 Sardi·

244 738 414 804 niam,
432 734 739 814 ceterasque
761 739 1004 814 proximi
1027 737 1192 796 maris
1209 735 1434 810 insulas,

240 820 388 881 fama
415 823 657 881 vich-icis
688 820 858 879 classis
890 824 950 878 in
974 823 1222 901 partibus
1255 824 1430 879 Otho-

243 911 335 967 nis
362 910 564 966 tenuit.
611 905 700 963 sed
725 903 1006 966 Corficam
1038 922 1212 983 prope
1240 905 1436 964 afflixit

245 995 467 1051 Decimi
491 993 697 1049 Pacarii
724 994 1099 1069 procuratoris
1137 991 1430 1060 temeritas,

244 1093 402 1136 tauta
429 1077 573 1136 mole
602 1076 725 1135 belli
752 1076 889 1134 nihil
920 1078 979 1135 in
1004 1075 1269 1136 summam
1299 1097 1430 1157 pro·

239 1164 452 1234 futura,
487 1161 582 1242 ipsi
613 1161 865 1246 exitiosa.
914 1183 1156 1241 namque
1182 1166 1426 1223 Othonis

237 1251 369 1310 odio
406 1252 606 1327 juvare
632 1248 918 1318 Vitellium
957 1249 1252 1309 Corsorum
1294 1253 1426 1309 viri-

237 1341 337 1396 bus
371 1337 578 1409 statuit,
615 1338 771 1395 inani
805 1335 1015 1395 auxilio
1038 1340 1203 1395 etiam
1234 1336 1272 1396 fi
1296 1357 1424 1414 pro·

234 1421 485 1483 venisset.
533 1429 743 1482 vocatis
790 1424 1129 1502 principibus
1181 1421 1420 1492 insulae,

232 1508 521 1570 confilium
543 1510 720 1586 aperit
740 1529 757 1564 ι
801 1524 857 1566 et
872 1507 1250 1567 contradicere
1264 1507 1422 1568 ausos

236 1595 534 1654 Claudium
550 1596 849 1652 Piri-hicum
859 1593 1216 1651 trierarchum
1227 1595 1423 1653 Libur-

236 1684 480 1740 nicarum
505 1680 580 1737 ibi
595 1680 843 1753 navium,
862 1679 1180 1753 Quinctium
1198 1684 1422 1742 Certum

231 1769 470 1847 equitem
487 1764 1227 1842 Romanum‚interficijubet
1237 1789 1255 1840 ;
1280 1786 1421 1844 quo·

231 1874 352 1914 rum
383 1869 565 1913 morte
586 1854 829 1912 exterriti
861 1853 957 1932 qui
981 1852 1225 1922 aderant,
1262 1851 1416 1914 fimul

229 1943 421 2018 ignara
449 1957 503 1998 et
533 1941 699 1998 alieni
728 1956 908 1998 metus
948 1937 1094 1998 socia
1133 1941 1415 2020 imperito·

228 2048 348 2087 rum
387 2030 564 2099 turba,
604 2028 662 2086 in
697 2029 867 2085 verba
895 2026 1103 2085 Vitellii
1136 2020 1414 2102 jura'verc.

228 2112 317 2173 sed
341 2115 432 2171 ubi
452 2112 714 2171 deiectum
741 2132 898 2189 agere
920 2115 1201 2182 Pacarius»,
1241 2130 1298 2172 et
1324 2118 1415 2173 in·

228 2199 485 2259 conditos
510 2200 760 2258 homiues
780 2197 1013 2275 fatigare
1035 2197 1265 2257 militiae
1293 2221 1414 2258 mu-

225 2281 452 2345 neribus
503 2286 756 2362 occoepit
774 2327 790 2354 ,
834 2283 1086 2343 laborem
1132 2283 1415 2345 insolitum

226 2368 420 2451 perosi,
457 2369 826 2430 infirmitatem
856 2368 1004 2430 suam
1041 2371 1410 2448 reputabantg

230 2464 246 2490 ‘
273 2455 513 2521 insulam
534 2454 636 2518 effe
661 2476 822 2537 quam
840 2457 1161 2532 incolerent,
1177 2455 1419 2533 etlouge
