1759 2975
395 119 991 189 'vrrs-rotmanis·
1023 114 1232 187 mm]
1327 115 1416 200 μ’

226 240 509 290 matorum
535 230 777 306 agmine,
797 228 1114 288 vexillarius
1138 225 1418 288 comitan-

229 316 301 373 tis
328 314 565 374 Galbam
590 317 835 374 cohortis
858 312 889 386 <
918 315 936 347 ‘
962 315 1191 374 Atilium
1213 314 1413 390 Vergi-

226 405 246 431 ‘
273 402 488 460 lionem
506 399 681 459 fuiffe’
704 400 930 460 tradunt
946 405 975 474 )
989 401 1265 479 dereptam
1280 396 1411 457 Gal·

223 487 338 545 bae
354 488 647 562 imaginem
663 484 778 547 solo
793 486 1006 546 afflixit.
1050 507 1120 546 eo
1135 484 1288 562 figno
1302 504 1416 543 ma·

231 569 429 630 nifesta
469 575 528 631 in
567 576 846 633 Othonem
881 574 1134 655 omnium
1172 571 1414 630 militum

229 654 427 726 studia,
451 656 716 717 desertum
732 658 857 736 fuga
870 658 1064 737 populi
1086 657 1295 730 forum,
1315 656 1415 716 de·

228 739 413 801 stricta
439 742 696 804 adversus
718 744 1035 804 dubitantes
1067 745 1194 804 tela.
1247 745 1416 819 juxta

232 831 420 887 Curtii
454 829 631 889 lacum
654 872 674 903 ,
717 828 1087 908 trepidatione
1122 829 1416 886 ferentium

231 914 418 972 Galba
440 915 719 992 projeetus
750 934 781 972 e
809 912 962 987 sella,
994 934 1057 972 ac
1085 912 1418 994 provolutus

232 996 337 1058 est.
400 1015 698 1059 extremam
727 999 848 1077 ejus
872 1019 1090 1072 vocem,
1131 1015 1194 1058 ut
1215 1001 1416 1077 cuique

230 1082 427 1144 odium
460 1100 553 1146 aut
581 1086 871 1146 admiratio
894 1085 1019 1156 fuit,
1047 1089 1198 1146 varie
1221 1084 1414 1165 prodi·

228 1168 380 1230 dere.
412 1172 504 1231 alii
520 1170 831 1252 suppliciter
844 1171 1221 1252 interrogaffe,
1242 1174 1261 1204 ‘
1275 1168 1415 1251 quid

228 1261 248 1288 ‘
271 1257 398 1316 mali
417 1257 723 1318 meruisset?
748 1279 960 1338 paucos
976 1261 1092 1320 dies
1115 1258 1416 1324 exsolvene

225 1340 249 1373 ‘
272 1342 347 1402 do
362 1343 663 1405 donativo’
680 1344 1049 1421 deprecatum.
1100 1346 1284 1423 plures
1308 1344 1413 1402 ob·-

223 1427 403 1490 tuliffe
415 1431 562 1492 ultro
573 1428 1418 1532 percufforibuajugulum,‘age-

228 1514 252 1548 ‘
270 1529 398 1575 rent
420 1536 482 1576 ac
504 1515 757 1590 ferirent,
789 1514 832 1574 fi
863 1519 943 1574 ita
964 1537 995 1573 e
1026 1516 1303 1594 republica
1326 1515 1412 1573 vi·
1443 1564 1446 1567 ,

229 1606 249 1633 ‘
267 1600 489 1661 deretur
509 1624 528 1674 ς
551 1604 568 1630 ’
614 1620 733 1660 non
762 1600 1011 1660 interfuit
1042 1601 1416 1663 occidentium

229 1688 362 1765 quid
399 1687 647 1748 diceret..
686 1686 755 1747 de
793 1685 1093 1766 percussore
1129 1708 1247 1747 non
1279 1685 1412 1748 satia

228 1773 435 1833 constat
450 1797 468 1845 3
483 1773 709 1853 quidam
720 1779 737 1805 ‘
752 1776 1079 1834 Terentium
1093 1790 1404 1842 evocatum,

230 1859 252 1890 ‘
267 1858 355 1918 alii
376 1864 699 1934 Lemnium,
715 1863 731 1887 ’
756 1862 999 1921 crebrior
1014 1860 1155 1921 fama
1180 1860 1406 1923 tradidit

230 1944 250 1979 ‘
277 1949 593 2005 Camurium
626 1947 855 2025 quintae
893 1947 1136 2007 decimae
1165 1947 1404 2023 legionis

231 2036 249 2062 ⁶
274 2031 525 2103 militem,
553 2030 810 2109 impreffo
834 2031 1041 2109 gladio,
1064 2033 1320 2110 jugulum
1343 2053 1402 2093 e·

229 2122 247 2149 ‘
271 2118 367 2194 jus
389 2115 629 2175 haufiffe.
648 2120 663 2143 ²
711 2121 878 2177 ceteri
901 2138 1059 2177 crura
1077 2121 1407 2197 brachiaque

231 2200 384 2272 (nam
401 2207 588 2282 pectus
603 2206 908 2279 tegebatur)
920 2203 1077 2263 foede
1091 2203 1400 2264 laniaverez

231 2289 483 2368 pleraque
525 2289 751 2347 vulnera
768 2332 788 2363 ‚
832 2289 1046 2348 feritate
1083 2305 1139 2347 et
1182 2288 1404 2346 saevitia

157 2391 428 2453 42trunco
455 2375 575 2450 jam
598 2376 815 2452 corpori
848 2375 1077 2451 adjeeia.
1159 2379 1241 2430 Τ.
1268 2370 1404 2429 inde

235 2462 461 2524 Vinium
477 2457 759 2534 invasere3
793 2458 861 2518 de
882 2478 999 2537 quo
1014 2473 1072 2521 et
1094 2454 1211 2534 ipso
1228 2452 1404 2520 nubi-e
